<?xml version="1.0" encoding="UTF-8"?>
<!DOCTYPE html PUBLIC "-//W3C//DTD XHTML 1.0 Transitional//EN"
    "http://www.w3.org/TR/xhtml1/DTD/xhtml1-transitional.dtd">
<html xmlns="http://www.w3.org/1999/xhtml" xml:lang="en" lang="en">
 <head>
  <title>
</title>
<meta http-equiv="Content-Type" content="text/html;charset=utf-8" />
  <meta name='ocr-system' content='tesseract 3.04.00' />
  <meta name='ocr-capabilities' content='ocr_page ocr_carea ocr_par ocr_line ocrx_word'/>
</head>
<body>
  <div class='ocr_page' id='page_1' title='image "./4774738_0021.png"; bbox 0 0 2559 3053; ppageno 0'>
   <div class='ocr_carea' id='block_1_1' title="bbox 1244 169 1291 217">
    <p class='ocr_par' dir='ltr' id='par_1_1' title="bbox 1244 169 1291 217">
     <span class='ocr_line' id='line_1_1' title="bbox 1244 169 1291 217; baseline 0 0"><span class='ocrx_word' id='word_1_1' title='bbox 1244 169 1291 217; x_wconf 76' lang='lat'>15</span> 
     </span>
    </p>
   </div>
   <div class='ocr_carea' id='block_1_2' title="bbox 1148 230 1362 237">
    <p class='ocr_par' dir='ltr' id='par_1_2' title="bbox 1148 230 1362 237">
     <span class='ocr_line' id='line_1_2' title="bbox 1148 230 1362 237; baseline 0 2816"><span class='ocrx_word' id='word_1_2' title='bbox 1148 230 1362 237; x_wconf 95' lang='lat' dir='ltr'> </span> 
     </span>
    </p>
   </div>
   <div class='ocr_carea' id='block_1_3' title="bbox 1369 230 1394 237">
    <p class='ocr_par' dir='ltr' id='par_1_3' title="bbox 1369 230 1394 237">
     <span class='ocr_line' id='line_1_3' title="bbox 1369 230 1394 237; baseline 0 0"><span class='ocrx_word' id='word_1_3' title='bbox 1369 230 1394 237; x_wconf 75' lang='lat' dir='ltr'>v</span> 
     </span>
    </p>
   </div>
   <div class='ocr_carea' id='block_1_4' title="bbox 162 291 2386 2618">
    <p class='ocr_par' dir='ltr' id='par_1_4' title="bbox 162 291 2385 1087">
     <span class='ocr_line' id='line_1_4' title="bbox 165 291 2383 351; baseline -0.003 -10"><span class='ocrx_word' id='word_1_4' title='bbox 165 291 320 341; x_wconf 54' lang='grc' dir='ltr'><strong><em>ἄνωθεν</em></strong></span> <span class='ocrx_word' id='word_1_5' title='bbox 340 307 407 340; x_wconf 66' lang='grc' dir='ltr'>καὶ</span> <span class='ocrx_word' id='word_1_6' title='bbox 423 292 463 339; x_wconf 60' lang='grc' dir='ltr'>ἐκ</span> <span class='ocrx_word' id='word_1_7' title='bbox 478 293 650 340; x_wconf 59' lang='grc' dir='ltr'><strong><em>παλαιοῦ</em></strong></span> <span class='ocrx_word' id='word_1_8' title='bbox 673 298 723 339; x_wconf 76' lang='grc' dir='ltr'><strong><em>τά</em></strong></span> <span class='ocrx_word' id='word_1_9' title='bbox 741 304 804 351; x_wconf 78' lang='grc' dir='ltr'>τῆς</span> <span class='ocrx_word' id='word_1_10' title='bbox 822 301 1066 349; x_wconf 78' lang='grc' dir='ltr'><strong><em>ἀναγνώσεως</em></strong></span> <span class='ocrx_word' id='word_1_11' title='bbox 1090 301 1272 351; x_wconf 75' lang='grc' dir='ltr'><strong><em>ἐζήτηται.</em></strong></span> <span class='ocrx_word' id='word_1_12' title='bbox 1325 307 1387 338; x_wconf 79' lang='grc' dir='ltr'><strong><em>καὶ</em></strong></span> <span class='ocrx_word' id='word_1_13' title='bbox 1414 301 1449 338; x_wconf 79' lang='grc' dir='ltr'>οἶ</span> <span class='ocrx_word' id='word_1_14' title='bbox 1466 305 1537 349; x_wconf 76' lang='grc' dir='ltr'>μὲν</span> <span class='ocrx_word' id='word_1_15' title='bbox 1562 302 1701 338; x_wconf 70' lang='grc' dir='ltr'><strong><em>λείπειν</em></strong></span> <span class='ocrx_word' id='word_1_16' title='bbox 1725 306 1820 349; x_wconf 77' lang='grc' dir='ltr'><strong><em>([ασῑ</em></strong></span> <span class='ocrx_word' id='word_1_17' title='bbox 1843 299 1886 338; x_wconf 83' lang='grc' dir='ltr'>τὸ</span> <span class='ocrx_word' id='word_1_18' title='bbox 1905 302 2097 347; x_wconf 75' lang='grc' dir='ltr'><strong><em>θέλουσιν,</em></strong></span> <span class='ocrx_word' id='word_1_19' title='bbox 2122 297 2383 343; x_wconf 77' lang='grc' dir='ltr'><strong><em>ὖποστίζοντες</em></strong></span> 
     </span>
     <span class='ocr_line' id='line_1_5' title="bbox 162 359 2381 410; baseline -0.002 -9"><span class='ocrx_word' id='word_1_20' title='bbox 162 363 224 401; x_wconf 76' lang='grc' dir='ltr'>ἐπὶ</span> <span class='ocrx_word' id='word_1_21' title='bbox 249 361 293 401; x_wconf 74' lang='grc' dir='ltr'>τό</span> <span class='ocrx_word' id='word_1_22' title='bbox 318 360 442 400; x_wconf 63' lang='lat' dir='ltr'>adrui·</span> <span class='ocrx_word' id='word_1_23' title='bbox 474 361 510 400; x_wconf 78' lang='grc' dir='ltr'>οἴ</span> <span class='ocrx_word' id='word_1_24' title='bbox 531 362 573 400; x_wconf 75' lang='grc' dir='ltr'>δὲ</span> <span class='ocrx_word' id='word_1_25' title='bbox 597 361 725 401; x_wconf 73' lang='grc' dir='ltr'><strong><em>κοινόν</em></strong></span> <span class='ocrx_word' id='word_1_26' title='bbox 752 362 905 400; x_wconf 75' lang='grc' dir='ltr'><strong><em>ἄνωθεν</em></strong></span> <span class='ocrx_word' id='word_1_27' title='bbox 935 361 1172 410; x_wconf 73' lang='grc' dir='ltr'><em>λαμβάνουσι</em></span> <span class='ocrx_word' id='word_1_28' title='bbox 1202 361 1246 399; x_wconf 71' lang='lat' dir='ltr'>td</span> <span class='ocrx_word' id='word_1_29' title='bbox 1271 362 1474 399; x_wconf 81' lang='grc' dir='ltr'><strong><em>ἐπέσσυται</em></strong></span> <span class='ocrx_word' id='word_1_30' title='bbox 1506 360 1598 398; x_wconf 79' lang='grc' dir='ltr'><strong><em>ὥστε</em></strong></span> <span class='ocrx_word' id='word_1_31' title='bbox 1626 364 1800 408; x_wconf 72' lang='grc' dir='ltr'><strong><em>νέεσθαι,</em></strong></span> <span class='ocrx_word' id='word_1_32' title='bbox 1831 360 1911 399; x_wconf 86' lang='grc' dir='ltr'><strong><em>εἶτα</em></strong></span> <span class='ocrx_word' id='word_1_33' title='bbox 1939 359 2152 410; x_wconf 76' lang='grc' dir='ltr'><em>φευγόντων</em></span> <span class='ocrx_word' id='word_1_34' title='bbox 2178 359 2248 398; x_wconf 68' lang='grc' dir='ltr'>σὺν</span> <span class='ocrx_word' id='word_1_35' title='bbox 2274 366 2381 408; x_wconf 81' lang='grc' dir='ltr'><strong><em>νηυσὶ</em></strong></span> 
     </span>
     <span class='ocr_line' id='line_1_6' title="bbox 164 419 2382 471; baseline -0.002 -12"><span class='ocrx_word' id='word_1_36' title='bbox 164 421 250 460; x_wconf 72' lang='grc' dir='ltr'><strong><em>ἀντὶ</em></strong></span> <span class='ocrx_word' id='word_1_37' title='bbox 280 421 346 460; x_wconf 83' lang='grc' dir='ltr'>τοῦ</span> <span class='ocrx_word' id='word_1_38' title='bbox 371 425 626 471; x_wconf 58' lang='grc' dir='ltr'><strong><em>φευγέτωσαν·</em></strong></span> <span class='ocrx_word' id='word_1_39' title='bbox 653 423 813 470; x_wconf 71' lang='grc' dir='ltr'><strong><em>α’μεινον</em></strong></span> <span class='ocrx_word' id='word_1_40' title='bbox 844 422 885 459; x_wconf 79' lang='grc' dir='ltr'>δὲ</span> <span class='ocrx_word' id='word_1_41' title='bbox 910 420 974 471; x_wconf 74' lang='grc' dir='ltr'>ὑφ’</span> <span class='ocrx_word' id='word_1_42' title='bbox 997 426 1039 459; x_wconf 73' lang='grc' dir='ltr'>ἓν</span> <span class='ocrx_word' id='word_1_43' title='bbox 1062 425 1132 469; x_wconf 74' lang='grc' dir='ltr'>μὲν</span> <span class='ocrx_word' id='word_1_44' title='bbox 1159 420 1444 468; x_wconf 82' lang='grc' dir='ltr'><strong><em>ἀναγινώσκειν,</em></strong></span> <span class='ocrx_word' id='word_1_45' title='bbox 1471 425 1503 458; x_wconf 88' lang='grc' dir='ltr'>εἰ</span> <span class='ocrx_word' id='word_1_46' title='bbox 1530 422 1570 458; x_wconf 76' lang='grc' dir='ltr'>δὲ</span> <span class='ocrx_word' id='word_1_47' title='bbox 1597 427 1659 458; x_wconf 78' lang='grc' dir='ltr'><strong><em>καὶ</em></strong></span> <span class='ocrx_word' id='word_1_48' title='bbox 1685 421 1793 459; x_wconf 75' lang='grc' dir='ltr'><strong><em>αὐτοὶ</em></strong></span> <span class='ocrx_word' id='word_1_49' title='bbox 1820 421 2051 470; x_wconf 76' lang='grc' dir='ltr'><strong><em>([ευγόντων,</em></strong></span> <span class='ocrx_word' id='word_1_50' title='bbox 2084 419 2221 461; x_wconf 79' lang='grc' dir='ltr'><strong><em>στίζειν</em></strong></span> <span class='ocrx_word' id='word_1_51' title='bbox 2254 420 2294 456; x_wconf 80' lang='grc' dir='ltr'>δὲ</span> <span class='ocrx_word' id='word_1_52' title='bbox 2320 421 2382 456; x_wconf 77' lang='grc' dir='ltr'>ἐπὶ</span> 
     </span>
     <span class='ocr_line' id='line_1_7' title="bbox 164 478 2381 534; baseline -0.002 -14"><span class='ocrx_word' id='word_1_53' title='bbox 164 481 207 520; x_wconf 77' lang='grc' dir='ltr'>τό</span> <span class='ocrx_word' id='word_1_54' title='bbox 239 489 370 530; x_wconf 74' lang='grc' dir='ltr'><strong><em>γαῖαν,</em></strong></span> <span class='ocrx_word' id='word_1_55' title='bbox 407 487 471 519; x_wconf 74' lang='grc' dir='ltr'>ἵνα</span> <span class='ocrx_word' id='word_1_56' title='bbox 639 481 683 519; x_wconf 78' lang='grc' dir='ltr'>τὸ</span> <span class='ocrx_word' id='word_1_57' title='bbox 713 482 754 519; x_wconf 81' lang='grc' dir='ltr'>δὲ</span> <span class='ocrx_word' id='word_1_58' title='bbox 783 480 980 530; x_wconf 80' lang='grc' dir='ltr'><strong><em>λεγόμενον</em></strong></span> <span class='ocrx_word' id='word_1_59' title='bbox 1013 483 1185 518; x_wconf 81' lang='grc' dir='ltr'><strong><em>τοιοῦτον</em></strong></span> <span class='ocrx_word' id='word_1_60' title='bbox 1217 479 1256 534; x_wconf 78' lang='grc' dir='ltr'>ᾖ,</span> <span class='ocrx_word' id='word_1_61' title='bbox 1292 480 1357 527; x_wconf 78' lang='grc' dir='ltr'><strong><em>ἄγε</em></strong></span> <span class='ocrx_word' id='word_1_62' title='bbox 1394 480 1440 529; x_wconf 71' lang='grc' dir='ltr'>δή</span> <span class='ocrx_word' id='word_1_63' title='bbox 1476 486 1538 517; x_wconf 81' lang='grc' dir='ltr'><strong><em>καὶ</em></strong></span> <span class='ocrx_word' id='word_1_64' title='bbox 1576 479 1676 518; x_wconf 82' lang='grc' dir='ltr'><strong><em>οὗτοι</em></strong></span> <span class='ocrx_word' id='word_1_65' title='bbox 1712 484 1951 529; x_wconf 80' lang='grc' dir='ltr'><strong><em>φευγέτωσαν</em></strong></span> <span class='ocrx_word' id='word_1_66' title='bbox 1987 484 2036 523; x_wconf 78' lang='grc' dir='ltr'>εἰς</span> <span class='ocrx_word' id='word_1_67' title='bbox 2073 478 2142 522; x_wconf 80' lang='grc' dir='ltr'>τοὶς</span> <span class='ocrx_word' id='word_1_68' title='bbox 2182 479 2381 525; x_wconf 77' lang='grc' dir='ltr'><strong><em>πατρίδας.</em></strong></span> 
     </span>
     <span class='ocr_line' id='line_1_8' title="bbox 163 540 2381 592; baseline -0.002 -10"><span class='ocrx_word' id='word_1_69' title='bbox 163 540 235 582; x_wconf 87' lang='lat' dir='ltr'>Res</span> <span class='ocrx_word' id='word_1_70' title='bbox 262 543 353 582; x_wconf 86' lang='lat' dir='ltr'>haec</span> <span class='ocrx_word' id='word_1_71' title='bbox 380 546 456 582; x_wconf 87' lang='lat' dir='ltr'>est:</span> <span class='ocrx_word' id='word_1_72' title='bbox 500 542 652 582; x_wconf 80' lang='lat' dir='ltr'>Homeri</span> <span class='ocrx_word' id='word_1_73' title='bbox 684 542 819 590; x_wconf 86' lang='lat' dir='ltr'>verba,</span> <span class='ocrx_word' id='word_1_74' title='bbox 855 554 948 592; x_wconf 89' lang='lat' dir='ltr'>quae</span> <span class='ocrx_word' id='word_1_75' title='bbox 984 542 1202 589; x_wconf 88' lang='lat' dir='ltr'>traduntur,</span> <span class='ocrx_word' id='word_1_76' title='bbox 1237 542 1378 580; x_wconf 88' lang='lat' dir='ltr'>variam</span> <span class='ocrx_word' id='word_1_77' title='bbox 1417 542 1617 580; x_wconf 86' lang='lat' dir='ltr'>admittunt</span> <span class='ocrx_word' id='word_1_78' title='bbox 1651 543 1923 580; x_wconf 83' lang='lat' dir='ltr'>distinctionem</span> <span class='ocrx_word' id='word_1_79' title='bbox 1958 544 1995 580; x_wconf 88' lang='lat' dir='ltr'>et</span> <span class='ocrx_word' id='word_1_80' title='bbox 2028 541 2381 591; x_wconf 77' lang='lat' dir='ltr'>pronuntiationem,</span> 
     </span>
     <span class='ocr_line' id='line_1_9' title="bbox 163 602 2375 654; baseline -0.002 -11"><span class='ocrx_word' id='word_1_81' title='bbox 163 617 215 643; x_wconf 88' lang='lat' dir='ltr'>sc.</span> <span class='ocrx_word' id='word_1_82' title='bbox 247 606 439 643; x_wconf 89' lang='lat' dir='ltr'>enuntiati.</span> <span class='ocrx_word' id='word_1_83' title='bbox 523 605 650 654; x_wconf 87' lang='lat' dir='ltr'>Itaque</span> <span class='ocrx_word' id='word_1_84' title='bbox 687 606 762 642; x_wconf 87' lang='lat' dir='ltr'>iam</span> <span class='ocrx_word' id='word_1_85' title='bbox 801 604 916 641; x_wconf 89' lang='lat' dir='ltr'>multo</span> <span class='ocrx_word' id='word_1_86' title='bbox 958 607 1042 641; x_wconf 88' lang='lat' dir='ltr'>ante</span> <span class='ocrx_word' id='word_1_87' title='bbox 1084 604 1278 641; x_wconf 91' lang='lat' dir='ltr'>verborum</span> <span class='ocrx_word' id='word_1_88' title='bbox 1322 604 1479 640; x_wconf 78' lang='lat' dir='ltr'>elocutio</span> <span class='ocrx_word' id='word_1_89' title='bbox 1529 605 1568 640; x_wconf 92' lang='lat' dir='ltr'>in</span> <span class='ocrx_word' id='word_1_90' title='bbox 1604 605 1924 651; x_wconf 87' lang='lat' dir='ltr'>grammaticorum</span> <span class='ocrx_word' id='word_1_91' title='bbox 1965 602 2242 651; x_wconf 89' lang='lat' dir='ltr'>quaestionibus</span> <span class='ocrx_word' id='word_1_92' title='bbox 2284 607 2375 639; x_wconf 86' lang='lat' dir='ltr'>erat.</span> 
     </span>
     <span class='ocr_line' id='line_1_10' title="bbox 164 663 2380 717; baseline -0.001 -13"><span class='ocrx_word' id='word_1_93' title='bbox 164 666 288 717; x_wconf 83' lang='lat' dir='ltr'>Atque</span> <span class='ocrx_word' id='word_1_94' title='bbox 323 666 507 716; x_wconf 86' lang='lat' dir='ltr'>duplicem</span> <span class='ocrx_word' id='word_1_95' title='bbox 543 666 846 714; x_wconf 83' lang='lat' dir='ltr'>excogitaverunt</span> <span class='ocrx_word' id='word_1_96' title='bbox 879 665 948 702; x_wconf 90' lang='lat' dir='ltr'>viri</span> <span class='ocrx_word' id='word_1_97' title='bbox 982 665 1081 703; x_wconf 90' lang='lat' dir='ltr'>docti</span> <span class='ocrx_word' id='word_1_98' title='bbox 1114 668 1199 703; x_wconf 87' lang='lat' dir='ltr'>ante</span> <span class='ocrx_word' id='word_1_99' title='bbox 1231 663 1471 711; x_wconf 87' lang='lat' dir='ltr'>Nicanorem,</span> <span class='ocrx_word' id='word_1_100' title='bbox 1506 677 1659 715; x_wconf 89' lang='lat' dir='ltr'>quarum</span> <span class='ocrx_word' id='word_1_101' title='bbox 1691 668 1815 703; x_wconf 90' lang='lat' dir='ltr'>tamen</span> <span class='ocrx_word' id='word_1_102' title='bbox 1850 665 1952 702; x_wconf 90' lang='lat' dir='ltr'>nulla</span> <span class='ocrx_word' id='word_1_103' title='bbox 1978 663 2155 702; x_wconf 85' lang='lat' dir='ltr'>Nicanori</span> <span class='ocrx_word' id='word_1_104' title='bbox 2190 663 2380 713; x_wconf 87' lang='lat' dir='ltr'>probatur.</span> 
     </span>
     <span class='ocr_line' id='line_1_11' title="bbox 164 727 2380 779; baseline -0.002 -12"><span class='ocrx_word' id='word_1_105' title='bbox 164 730 289 768; x_wconf 86' lang='lat' dir='ltr'>Aliam</span> <span class='ocrx_word' id='word_1_106' title='bbox 315 729 439 779; x_wconf 88' lang='lat' dir='ltr'>potius</span> <span class='ocrx_word' id='word_1_107' title='bbox 468 741 511 767; x_wconf 88' lang='lat' dir='ltr'>ac</span> <span class='ocrx_word' id='word_1_108' title='bbox 530 729 719 767; x_wconf 89' lang='lat' dir='ltr'>meliorem</span> <span class='ocrx_word' id='word_1_109' title='bbox 745 729 949 778; x_wconf 85' lang='lat' dir='ltr'>proposuit,</span> <span class='ocrx_word' id='word_1_110' title='bbox 977 732 1018 766; x_wconf 88' lang='lat' dir='ltr'>ut</span> <span class='ocrx_word' id='word_1_111' title='bbox 1035 733 1066 767; x_wconf 87' lang='grc' dir='ltr'>εἰ</span> <span class='ocrx_word' id='word_1_112' title='bbox 1091 729 1184 766; x_wconf 91' lang='lat' dir='ltr'>illud</span> <span class='ocrx_word' id='word_1_113' title='bbox 1203 729 1396 776; x_wconf 86' lang='lat' dir='ltr'>intellegat</span> <span class='ocrx_word' id='word_1_114' title='bbox 1423 729 1643 766; x_wconf 85' lang='lat' dir='ltr'>collocatum</span> <span class='ocrx_word' id='word_1_115' title='bbox 1671 741 1738 777; x_wconf 89' lang='lat' dir='ltr'>pro</span> <span class='ocrx_word' id='word_1_116' title='bbox 1760 729 1826 774; x_wconf 80' lang='grc' dir='ltr'><strong><em>ἆγε</em></strong></span> <span class='ocrx_word' id='word_1_117' title='bbox 1854 728 2112 766; x_wconf 88' lang='lat' dir='ltr'>coniunctione</span> <span class='ocrx_word' id='word_1_118' title='bbox 2133 727 2380 764; x_wconf 84' lang='lat' dir='ltr'>adhortativa.</span> 
     </span>
     <span class='ocr_line' id='line_1_12' title="bbox 164 785 2385 838; baseline -0.002 -11"><span class='ocrx_word' id='word_1_119' title='bbox 164 790 284 834; x_wconf 82' lang='lat' dir='ltr'>Quare</span> <span class='ocrx_word' id='word_1_120' title='bbox 305 802 378 827; x_wconf 91' lang='lat' dir='ltr'>non</span> <span class='ocrx_word' id='word_1_121' title='bbox 397 790 442 827; x_wconf 91' lang='lat' dir='ltr'>de</span> <span class='ocrx_word' id='word_1_122' title='bbox 461 790 687 838; x_wconf 90' lang='lat' dir='ltr'>singulorum</span> <span class='ocrx_word' id='word_1_123' title='bbox 709 790 965 827; x_wconf 85' lang='lat' dir='ltr'>vocabulorum</span> <span class='ocrx_word' id='word_1_124' title='bbox 985 793 1048 826; x_wconf 86' lang='lat' dir='ltr'>aut</span> <span class='ocrx_word' id='word_1_125' title='bbox 1066 790 1178 826; x_wconf 90' lang='lat' dir='ltr'>totius</span> <span class='ocrx_word' id='word_1_126' title='bbox 1198 790 1378 827; x_wconf 89' lang='lat' dir='ltr'>enuntiati</span> <span class='ocrx_word' id='word_1_127' title='bbox 1397 789 1529 835; x_wconf 88' lang='lat' dir='ltr'>forma,</span> <span class='ocrx_word' id='word_1_128' title='bbox 1558 790 1658 827; x_wconf 91' lang='lat' dir='ltr'>varie</span> <span class='ocrx_word' id='word_1_129' title='bbox 1678 790 1936 838; x_wconf 85' lang='lat' dir='ltr'>manuscriptis</span> <span class='ocrx_word' id='word_1_130' title='bbox 1956 791 2148 825; x_wconf 85' lang='lat' dir='ltr'>asservata</span> <span class='ocrx_word' id='word_1_131' title='bbox 2171 785 2385 832; x_wconf 87' lang='grc' dir='ltr'><strong><em>ἀνάγνωσις</em></strong></span> 
     </span>
     <span class='ocr_line' id='line_1_13' title="bbox 165 848 2381 901; baseline -0.003 -10"><span class='ocrx_word' id='word_1_132' title='bbox 165 855 239 899; x_wconf 90' lang='lat' dir='ltr'>est,</span> <span class='ocrx_word' id='word_1_133' title='bbox 275 852 384 890; x_wconf 90' lang='lat' dir='ltr'>immo</span> <span class='ocrx_word' id='word_1_134' title='bbox 414 852 459 890; x_wconf 91' lang='lat' dir='ltr'>de</span> <span class='ocrx_word' id='word_1_135' title='bbox 491 851 686 890; x_wconf 89' lang='lat' dir='ltr'>verborum</span> <span class='ocrx_word' id='word_1_136' title='bbox 720 852 924 890; x_wconf 87' lang='lat' dir='ltr'>elocutione</span> <span class='ocrx_word' id='word_1_137' title='bbox 958 863 1001 889; x_wconf 89' lang='lat' dir='ltr'>ac</span> <span class='ocrx_word' id='word_1_138' title='bbox 1034 852 1355 901; x_wconf 78' lang='lat' dir='ltr'>pronuntiatione,</span> <span class='ocrx_word' id='word_1_139' title='bbox 1391 863 1483 901; x_wconf 88' lang='lat' dir='ltr'>quae</span> <span class='ocrx_word' id='word_1_140' title='bbox 1518 852 1665 901; x_wconf 89' lang='lat' dir='ltr'>quidem</span> <span class='ocrx_word' id='word_1_141' title='bbox 1700 851 1883 889; x_wconf 87' lang='lat' dir='ltr'>indicatur</span> <span class='ocrx_word' id='word_1_142' title='bbox 1917 850 2097 888; x_wconf 88' lang='lat' dir='ltr'>enuntiati</span> <span class='ocrx_word' id='word_1_143' title='bbox 2131 848 2381 886; x_wconf 87' lang='lat' dir='ltr'>distinctione.</span> 
     </span>
     <span class='ocr_line' id='line_1_14' title="bbox 168 911 2382 964; baseline -0.002 -13"><span class='ocrx_word' id='word_1_144' title='bbox 168 913 312 952; x_wconf 87' lang='lat' dir='ltr'>Similia</span> <span class='ocrx_word' id='word_1_145' title='bbox 346 914 384 951; x_wconf 93' lang='lat' dir='ltr'>in</span> <span class='ocrx_word' id='word_1_146' title='bbox 412 914 563 963; x_wconf 89' lang='lat' dir='ltr'>reliquis</span> <span class='ocrx_word' id='word_1_147' title='bbox 590 913 782 952; x_wconf 84' lang='lat' dir='ltr'>Nicanoris</span> <span class='ocrx_word' id='word_1_148' title='bbox 815 913 962 951; x_wconf 86' lang='lat' dir='ltr'>scholiis</span> <span class='ocrx_word' id='word_1_149' title='bbox 995 916 1158 950; x_wconf 84' lang='lat' dir='ltr'>exstant:</span> <span class='ocrx_word' id='word_1_150' title='bbox 1202 916 1235 949; x_wconf 88' lang='lat' dir='ltr'><em>A</em></span> <span class='ocrx_word' id='word_1_151' title='bbox 1255 914 1326 951; x_wconf 81' lang='lat'>351</span> <span class='ocrx_word' id='word_1_152' title='bbox 1363 913 1574 963; x_wconf 75' lang='grc' dir='ltr'><strong><em>ἀμφίβολος</em></strong></span> <span class='ocrx_word' id='word_1_153' title='bbox 1609 912 1630 964; x_wconf 82' lang='grc' dir='ltr'><em>ἡ</em></span> <span class='ocrx_word' id='word_1_154' title='bbox 1656 912 1881 959; x_wconf 71' lang='grc' dir='ltr'><strong><em>ἀνάγνωσις,</em></strong></span> <span class='ocrx_word' id='word_1_155' title='bbox 1917 913 1944 949; x_wconf 92' lang='lat' dir='ltr'>i.</span> <span class='ocrx_word' id='word_1_156' title='bbox 1971 925 2002 949; x_wconf 89' lang='lat' dir='ltr'>e.</span> <span class='ocrx_word' id='word_1_157' title='bbox 2032 923 2168 960; x_wconf 82' lang='lat' dir='ltr'>anceps</span> <span class='ocrx_word' id='word_1_158' title='bbox 2202 911 2382 948; x_wconf 89' lang='lat' dir='ltr'>enuntiati</span> 
     </span>
     <span class='ocr_line' id='line_1_15' title="bbox 167 973 2385 1025; baseline -0.002 -12"><span class='ocrx_word' id='word_1_159' title='bbox 167 976 438 1025; x_wconf 80' lang='lat' dir='ltr'>pronuntiatio,</span> <span class='ocrx_word' id='word_1_160' title='bbox 482 976 528 1012; x_wconf 86' lang='lat' dir='ltr'>cf.</span> <span class='ocrx_word' id='word_1_161' title='bbox 556 976 594 1014; x_wconf 88' lang='grc' dir='ltr'><em>Ξ</em></span> <span class='ocrx_word' id='word_1_162' title='bbox 618 977 705 1013; x_wconf 83' lang='grc'>330.</span> <span class='ocrx_word' id='word_1_163' title='bbox 782 975 950 1025; x_wconf 91' lang='lat' dir='ltr'>Denique</span> <span class='ocrx_word' id='word_1_164' title='bbox 983 982 1021 1013; x_wconf 88' lang='lat' dir='ltr'><em>A</em></span> <span class='ocrx_word' id='word_1_165' title='bbox 1048 976 1097 1011; x_wconf 88' lang='grc'>88</span> <span class='ocrx_word' id='word_1_166' title='bbox 1134 976 1287 1022; x_wconf 76' lang='grc' dir='ltr'><strong><em>βελτίων</em></strong></span> <span class='ocrx_word' id='word_1_167' title='bbox 1323 974 1344 1024; x_wconf 78' lang='grc' dir='ltr'><em>ἦ</em></span> <span class='ocrx_word' id='word_1_168' title='bbox 1375 974 1542 1023; x_wconf 68' lang='grc' dir='ltr'><strong><em>συνήθης</em></strong></span> <span class='ocrx_word' id='word_1_169' title='bbox 1580 974 1808 1021; x_wconf 89' lang='grc' dir='ltr'><strong><em>ἀνάγνωσις,</em></strong></span> <span class='ocrx_word' id='word_1_170' title='bbox 1850 975 1873 1010; x_wconf 89' lang='lat' dir='ltr'>i.</span> <span class='ocrx_word' id='word_1_171' title='bbox 1904 986 1935 1010; x_wconf 91' lang='lat' dir='ltr'>e.</span> <span class='ocrx_word' id='word_1_172' title='bbox 1968 974 2098 1010; x_wconf 90' lang='lat' dir='ltr'>melior</span> <span class='ocrx_word' id='word_1_173' title='bbox 2130 973 2293 1020; x_wconf 89' lang='lat' dir='ltr'>vulgaris</span> <span class='ocrx_word' id='word_1_174' title='bbox 2328 977 2385 1009; x_wconf 84' lang='lat' dir='ltr'>est</span> 
     </span>
     <span class='ocr_line' id='line_1_16' title="bbox 164 1034 2025 1087; baseline -0.002 -12"><span class='ocrx_word' id='word_1_175' title='bbox 164 1037 429 1087; x_wconf 83' lang='lat' dir='ltr'>pronuntiatio,</span> <span class='ocrx_word' id='word_1_176' title='bbox 465 1040 502 1075; x_wconf 88' lang='lat' dir='ltr'>et</span> <span class='ocrx_word' id='word_1_177' title='bbox 528 1036 565 1077; x_wconf 90' lang='grc' dir='ltr'><em>Ξ</em></span> <span class='ocrx_word' id='word_1_178' title='bbox 586 1038 605 1076; x_wconf 93' lang='grc'>1</span> <span class='ocrx_word' id='word_1_179' title='bbox 637 1040 674 1076; x_wconf 90' lang='lat' dir='ltr'>et</span> <span class='ocrx_word' id='word_1_180' title='bbox 700 1039 733 1074; x_wconf 91' lang='grc' dir='ltr'><em>Γ</em></span> <span class='ocrx_word' id='word_1_181' title='bbox 748 1037 823 1076; x_wconf 81' lang='grc'>242</span> <span class='ocrx_word' id='word_1_182' title='bbox 849 1037 966 1087; x_wconf 91' lang='lat' dir='ltr'>ipsius</span> <span class='ocrx_word' id='word_1_183' title='bbox 994 1036 1082 1077; x_wconf 72' lang='lat' dir='ltr'>ferev</span> <span class='ocrx_word' id='word_1_184' title='bbox 1101 1036 1348 1074; x_wconf 89' lang='lat' dir='ltr'>distinctionis</span> <span class='ocrx_word' id='word_1_185' title='bbox 1375 1035 1456 1074; x_wconf 93' lang='lat' dir='ltr'>loco</span> <span class='ocrx_word' id='word_1_186' title='bbox 1486 1034 1696 1082; x_wconf 87' lang='grc' dir='ltr'><strong><em>ἀνάγνωσις</em></strong></span> <span class='ocrx_word' id='word_1_187' title='bbox 1724 1048 1803 1074; x_wconf 89' lang='lat' dir='ltr'>esse</span> <span class='ocrx_word' id='word_1_188' title='bbox 1831 1034 2025 1084; x_wconf 78' lang='lat' dir='ltr'>videtur.¹)</span> 
     </span>
    </p>

    <p class='ocr_par' dir='ltr' id='par_1_5' title="bbox 164 1096 2386 1759">
     <span class='ocr_line' id='line_1_17' title="bbox 290 1096 2382 1145; baseline -0.001 -10"><span class='ocrx_word' id='word_1_189' title='bbox 290 1099 370 1136; x_wconf 95' lang='lat' dir='ltr'>Duo</span> <span class='ocrx_word' id='word_1_190' title='bbox 406 1102 548 1136; x_wconf 88' lang='lat' dir='ltr'>restant</span> <span class='ocrx_word' id='word_1_191' title='bbox 580 1099 719 1137; x_wconf 86' lang='lat' dir='ltr'>scholia</span> <span class='ocrx_word' id='word_1_192' title='bbox 751 1099 810 1136; x_wconf 89' lang='lat' dir='ltr'>hic</span> <span class='ocrx_word' id='word_1_193' title='bbox 844 1099 1051 1135; x_wconf 88' lang='lat' dir='ltr'>tractanda.</span> <span class='ocrx_word' id='word_1_194' title='bbox 1105 1098 1237 1135; x_wconf 87' lang='lat' dir='ltr'>Miram</span> <span class='ocrx_word' id='word_1_195' title='bbox 1269 1099 1366 1135; x_wconf 92' lang='lat' dir='ltr'>enim</span> <span class='ocrx_word' id='word_1_196' title='bbox 1400 1099 1490 1143; x_wconf 85' lang='lat' dir='ltr'>vim,</span> <span class='ocrx_word' id='word_1_197' title='bbox 1525 1098 1554 1134; x_wconf 87' lang='lat' dir='ltr'>si</span> <span class='ocrx_word' id='word_1_198' title='bbox 1585 1098 1731 1145; x_wconf 89' lang='lat' dir='ltr'>quidem</span> <span class='ocrx_word' id='word_1_199' title='bbox 1767 1098 1998 1144; x_wconf 84' lang='lat' dir='ltr'>negligenter</span> <span class='ocrx_word' id='word_1_200' title='bbox 2030 1108 2107 1133; x_wconf 92' lang='lat' dir='ltr'>rem</span> <span class='ocrx_word' id='word_1_201' title='bbox 2140 1096 2382 1145; x_wconf 78' lang='lat' dir='ltr'>percurreris,</span> 
     </span>
     <span class='ocr_line' id='line_1_18' title="bbox 166 1157 2384 1209; baseline -0.002 -12"><span class='ocrx_word' id='word_1_202' title='bbox 166 1158 377 1206; x_wconf 80' lang='grc' dir='ltr'><strong><em>οἷνάγνωσις</em></strong></span> <span class='ocrx_word' id='word_1_203' title='bbox 409 1172 482 1197; x_wconf 81' lang='lat' dir='ltr'>vox</span> <span class='ocrx_word' id='word_1_204' title='bbox 516 1160 586 1198; x_wconf 85' lang='lat' dir='ltr'>Sibi</span> <span class='ocrx_word' id='word_1_205' title='bbox 622 1161 787 1198; x_wconf 76' lang='lat' dir='ltr'>vindicat</span> <span class='ocrx_word' id='word_1_206' title='bbox 825 1159 963 1198; x_wconf 83' lang='lat' dir='ltr'>Herod.</span> <span class='ocrx_word' id='word_1_207' title='bbox 991 1163 1026 1196; x_wconf 92' lang='lat' dir='ltr'><em>E</em></span> <span class='ocrx_word' id='word_1_208' title='bbox 1048 1159 1120 1197; x_wconf 84' lang='lat'>887</span> <span class='ocrx_word' id='word_1_209' title='bbox 1157 1157 1238 1209; x_wconf 85' lang='grc' dir='ltr'><strong><em>ζως]</em></strong></span> <span class='ocrx_word' id='word_1_210' title='bbox 1274 1159 1316 1196; x_wconf 74' lang='grc' dir='ltr'>τὸ</span> <span class='ocrx_word' id='word_1_211' title='bbox 1342 1160 1382 1196; x_wconf 80' lang='grc' dir='ltr'>δὲ</span> <span class='ocrx_word' id='word_1_212' title='bbox 1413 1158 1481 1201; x_wconf 76' lang='grc' dir='ltr'><strong><em>ζώς</em></strong></span> <span class='ocrx_word' id='word_1_213' title='bbox 1510 1188 1593 1195; x_wconf 94' lang='grc'><em>.....</em></span> <span class='ocrx_word' id='word_1_214' title='bbox 1623 1160 1676 1196; x_wconf 76' lang='grc' dir='ltr'>δεῖ</span> <span class='ocrx_word' id='word_1_215' title='bbox 1710 1158 1869 1204; x_wconf 72' lang='grc' dir='ltr'><strong><em>ἆξῦνειν,</em></strong></span> <span class='ocrx_word' id='word_1_216' title='bbox 1911 1160 2086 1204; x_wconf 73' lang='grc' dir='ltr'><strong><em>ἐγκλίνειν</em></strong></span> <span class='ocrx_word' id='word_1_217' title='bbox 2124 1158 2164 1194; x_wconf 78' lang='grc' dir='ltr'>δὲ</span> <span class='ocrx_word' id='word_1_218' title='bbox 2199 1158 2240 1195; x_wconf 77' lang='grc' dir='ltr'>ἕν</span> <span class='ocrx_word' id='word_1_219' title='bbox 2267 1157 2384 1208; x_wconf 71' lang='grc' dir='ltr'><strong><em>ταύτῃ</em></strong></span> 
     </span>
     <span class='ocr_line' id='line_1_19' title="bbox 164 1216 2384 1271; baseline -0 -17"><span class='ocrx_word' id='word_1_220' title='bbox 164 1219 209 1271; x_wconf 79' lang='grc' dir='ltr'>τῇ</span> <span class='ocrx_word' id='word_1_221' title='bbox 236 1218 457 1265; x_wconf 75' lang='grc' dir='ltr'><strong><em>ἀναγνώσει.</em></strong></span> <span class='ocrx_word' id='word_1_222' title='bbox 517 1225 552 1258; x_wconf 84' lang='lat' dir='ltr'><strong><em>Y</em></strong></span> <span class='ocrx_word' id='word_1_223' title='bbox 570 1221 637 1257; x_wconf 87' lang='lat'>311</span> <span class='ocrx_word' id='word_1_224' title='bbox 670 1220 726 1257; x_wconf 85' lang='grc' dir='ltr'>ὅτι</span> <span class='ocrx_word' id='word_1_225' title='bbox 752 1219 930 1267; x_wconf 77' lang='grc' dir='ltr'><strong><em>περισσός</em></strong></span> <span class='ocrx_word' id='word_1_226' title='bbox 954 1218 974 1257; x_wconf 86' lang='grc' dir='ltr'>ὁ</span> <span class='ocrx_word' id='word_1_227' title='bbox 999 1222 1073 1267; x_wconf 82' lang='grc' dir='ltr'><strong><em>κέν,</em></strong></span> <span class='ocrx_word' id='word_1_228' title='bbox 1099 1224 1163 1255; x_wconf 74' lang='grc' dir='ltr'><strong><em>καὶ</em></strong></span> <span class='ocrx_word' id='word_1_229' title='bbox 1186 1220 1262 1256; x_wconf 77' lang='grc' dir='ltr'><strong><em>ἔστι</em></strong></span> <span class='ocrx_word' id='word_1_230' title='bbox 1290 1218 1332 1256; x_wconf 69' lang='grc' dir='ltr'>τι)</span> <span class='ocrx_word' id='word_1_231' title='bbox 1358 1219 1457 1268; x_wconf 75' lang='grc' dir='ltr'><strong><em>ἑξῆς,</em></strong></span> <span class='ocrx_word' id='word_1_232' title='bbox 1486 1219 1507 1269; x_wconf 76' lang='grc' dir='ltr'><em>ἢ</em></span> <span class='ocrx_word' id='word_1_233' title='bbox 1532 1219 1687 1266; x_wconf 45' lang='grc' dir='ltr'><strong><em>ἐριῗσεις,</em></strong></span> <span class='ocrx_word' id='word_1_234' title='bbox 1717 1218 1735 1265; x_wconf 82' lang='grc' dir='ltr'><em>ἢ</em></span> <span class='ocrx_word' id='word_1_235' title='bbox 1762 1217 1878 1254; x_wconf 63' lang='grc' dir='ltr'><strong><em>αὐτὸν</em></strong></span> <span class='ocrx_word' id='word_1_236' title='bbox 1903 1217 2032 1261; x_wconf 72' lang='grc' dir='ltr'><strong><em>ἐάσεις.</em></strong></span> <span class='ocrx_word' id='word_1_237' title='bbox 2087 1217 2108 1266; x_wconf 84' lang='grc' dir='ltr'><em>ἡ</em></span> <span class='ocrx_word' id='word_1_238' title='bbox 2134 1218 2174 1254; x_wconf 80' lang='grc' dir='ltr'>δὲ</span> <span class='ocrx_word' id='word_1_239' title='bbox 2202 1216 2384 1266; x_wconf 68' lang='grc' dir='ltr'><strong><em>οἷναᾳοροὶ</em></strong></span> 
     </span>
     <span class='ocr_line' id='line_1_20' title="bbox 165 1277 2381 1328; baseline -0.001 -11"><span class='ocrx_word' id='word_1_240' title='bbox 165 1277 260 1327; x_wconf 73' lang='grc' dir='ltr'><strong><em>πρός</em></strong></span> <span class='ocrx_word' id='word_1_241' title='bbox 285 1278 354 1323; x_wconf 71' lang='grc' dir='ltr'>τάς</span> <span class='ocrx_word' id='word_1_242' title='bbox 377 1280 556 1324; x_wconf 80' lang='grc' dir='ltr'><strong><em>τοιαύτας</em></strong></span> <span class='ocrx_word' id='word_1_243' title='bbox 577 1279 817 1327; x_wconf 74' lang='grc' dir='ltr'><strong><em>ἀναγνώσεις,</em></strong></span> <span class='ocrx_word' id='word_1_244' title='bbox 846 1279 899 1317; x_wconf 73' lang='lat' dir='ltr'>Cu</span> <span class='ocrx_word' id='word_1_245' title='bbox 923 1281 1099 1327; x_wconf 58' lang='grc' dir='ltr'><strong><em>,πρῶτον</em></strong></span> <span class='ocrx_word' id='word_1_246' title='bbox 1116 1283 1196 1328; x_wconf 80' lang='grc' dir='ltr'><strong><em>μὲν,</em></strong></span> <span class='ocrx_word' id='word_1_247' title='bbox 1223 1282 1350 1317; x_wconf 70' lang='grc' dir='ltr'><strong><em>ἔπειτα</em></strong></span> <span class='ocrx_word' id='word_1_248' title='bbox 1371 1281 1411 1317; x_wconf 80' lang='grc' dir='ltr'>δέ</span> <span class='ocrx_word' id='word_1_249' title='bbox 1430 1280 1462 1316; x_wconf 64' lang='grc' dir='ltr'>κ’</span> <span class='ocrx_word' id='word_1_250' title='bbox 1480 1280 1593 1323; x_wconf 73' lang='grc' dir='ltr'><strong><em>αὐτὸς</em></strong></span> <span class='ocrx_word' id='word_1_251' title='bbox 1612 1280 1810 1327; x_wconf 73' lang='grc' dir='ltr'><strong><em>ὄνήσεαι“,·</em></strong></span> <span class='ocrx_word' id='word_1_252' title='bbox 1838 1279 1987 1316; x_wconf 85' lang='lat' dir='ltr'>Homeri</span> <span class='ocrx_word' id='word_1_253' title='bbox 2017 1280 2114 1316; x_wconf 91' lang='lat' dir='ltr'>enim</span> <span class='ocrx_word' id='word_1_254' title='bbox 2141 1279 2255 1316; x_wconf 82' lang='lat' dir='ltr'>verba</span> <span class='ocrx_word' id='word_1_255' title='bbox 2282 1283 2381 1315; x_wconf 76' lang='lat' dir='ltr'>sunt:</span> 
     </span>
     <span class='ocr_line' id='line_1_21' title="bbox 166 1338 2386 1390; baseline -0 -12"><span class='ocrx_word' id='word_1_256' title='bbox 166 1338 188 1389; x_wconf 83' lang='grc' dir='ltr'><em>ἢ</em></span> <span class='ocrx_word' id='word_1_257' title='bbox 217 1344 281 1378; x_wconf 83' lang='grc' dir='ltr'>κέν</span> <span class='ocrx_word' id='word_1_258' title='bbox 307 1355 375 1389; x_wconf 86' lang='grc' dir='ltr'>μιν</span> <span class='ocrx_word' id='word_1_259' title='bbox 404 1340 593 1390; x_wconf 60' lang='grc' dir='ltr'><strong><em>ἐρύσσεαι,</em></strong></span> <span class='ocrx_word' id='word_1_260' title='bbox 626 1340 733 1390; x_wconf 80' lang='grc' dir='ltr'><strong><em>ἧκεν</em></strong></span> <span class='ocrx_word' id='word_1_261' title='bbox 755 1340 886 1383; x_wconf 77' lang='grc' dir='ltr'><strong><em>ἐάσεις.</em></strong></span> <span class='ocrx_word' id='word_1_262' title='bbox 965 1340 1081 1378; x_wconf 89' lang='lat' dir='ltr'>Huius</span> <span class='ocrx_word' id='word_1_263' title='bbox 1115 1342 1346 1389; x_wconf 85' lang='lat' dir='ltr'>potissimum</span> <span class='ocrx_word' id='word_1_264' title='bbox 1380 1341 1510 1378; x_wconf 88' lang='lat' dir='ltr'>scholii</span> <span class='ocrx_word' id='word_1_265' title='bbox 1547 1342 1658 1378; x_wconf 81' lang='lat' dir='ltr'>verba</span> <span class='ocrx_word' id='word_1_266' title='bbox 1694 1341 1908 1388; x_wconf 83' lang='lat' dir='ltr'>intellegere</span> <span class='ocrx_word' id='word_1_267' title='bbox 1951 1353 2091 1390; x_wconf 89' lang='lat' dir='ltr'>nequeo</span> <span class='ocrx_word' id='word_1_268' title='bbox 2127 1341 2198 1377; x_wconf 86' lang='lat' dir='ltr'>nisi</span> <span class='ocrx_word' id='word_1_269' title='bbox 2235 1342 2304 1386; x_wconf 90' lang='lat' dir='ltr'>ita,</span> <span class='ocrx_word' id='word_1_270' title='bbox 2346 1345 2386 1377; x_wconf 89' lang='lat' dir='ltr'>ut</span> 
     </span>
     <span class='ocr_line' id='line_1_22' title="bbox 167 1400 2383 1453; baseline 0.001 -16"><span class='ocrx_word' id='word_1_271' title='bbox 167 1400 379 1448; x_wconf 71' lang='grc' dir='ltr'><strong><em>ἀνάγνωσις</em></strong></span> <span class='ocrx_word' id='word_1_272' title='bbox 404 1403 453 1439; x_wconf 89' lang='lat' dir='ltr'>sit</span> <span class='ocrx_word' id='word_1_273' title='bbox 479 1414 547 1452; x_wconf 93' lang='lat' dir='ltr'>pro</span> <span class='ocrx_word' id='word_1_274' title='bbox 577 1403 663 1450; x_wconf 81' lang='lat' dir='ltr'>ipsis</span> <span class='ocrx_word' id='word_1_275' title='bbox 689 1403 873 1440; x_wconf 73' lang='lat' dir='ltr'>enuntiatis</span> <span class='ocrx_word' id='word_1_276' title='bbox 898 1403 950 1439; x_wconf 83' lang='lat' dir='ltr'>vel</span> <span class='ocrx_word' id='word_1_277' title='bbox 978 1402 1303 1441; x_wconf 76' lang='lat' dir='ltr'>constructionibus.</span> <span class='ocrx_word' id='word_1_278' title='bbox 1356 1402 1482 1453; x_wconf 85' lang='lat' dir='ltr'>Itaque</span> <span class='ocrx_word' id='word_1_279' title='bbox 1511 1415 1638 1440; x_wconf 87' lang='lat' dir='ltr'>seusus</span> <span class='ocrx_word' id='word_1_280' title='bbox 1668 1407 1737 1440; x_wconf 89' lang='lat' dir='ltr'>est:</span> <span class='ocrx_word' id='word_1_281' title='bbox 1775 1403 2020 1453; x_wconf 88' lang='lat' dir='ltr'>respiciuntur</span> <span class='ocrx_word' id='word_1_282' title='bbox 2048 1406 2170 1440; x_wconf 86' lang='lat' dir='ltr'>autem</span> <span class='ocrx_word' id='word_1_283' title='bbox 2200 1402 2266 1440; x_wconf 85' lang='lat' dir='ltr'>hac</span> <span class='ocrx_word' id='word_1_284' title='bbox 2295 1406 2383 1440; x_wconf 91' lang='lat' dir='ltr'>nota</span> 
     </span>
     <span class='ocr_line' id='line_1_23' title="bbox 167 1463 2383 1515; baseline 0.001 -16"><span class='ocrx_word' id='word_1_285' title='bbox 167 1463 262 1500; x_wconf 87' lang='lat' dir='ltr'>tales</span> <span class='ocrx_word' id='word_1_286' title='bbox 303 1465 611 1512; x_wconf 86' lang='lat' dir='ltr'>constructiones,</span> <span class='ocrx_word' id='word_1_287' title='bbox 650 1466 777 1515; x_wconf 85' lang='lat' dir='ltr'>quales</span> <span class='ocrx_word' id='word_1_288' title='bbox 811 1469 898 1503; x_wconf 87' lang='lat' dir='ltr'>etc..</span> <span class='ocrx_word' id='word_1_289' title='bbox 966 1464 1072 1502; x_wconf 88' lang='lat' dir='ltr'>Hanc</span> <span class='ocrx_word' id='word_1_290' title='bbox 1098 1476 1184 1502; x_wconf 90' lang='lat' dir='ltr'>vero</span> <span class='ocrx_word' id='word_1_291' title='bbox 1213 1466 1311 1502; x_wconf 91' lang='lat' dir='ltr'>vocis</span> <span class='ocrx_word' id='word_1_292' title='bbox 1345 1466 1417 1502; x_wconf 92' lang='lat' dir='ltr'>vim</span> <span class='ocrx_word' id='word_1_293' title='bbox 1450 1477 1522 1502; x_wconf 90' lang='lat' dir='ltr'>non</span> <span class='ocrx_word' id='word_1_294' title='bbox 1549 1466 1702 1502; x_wconf 89' lang='lat' dir='ltr'>multum</span> <span class='ocrx_word' id='word_1_295' title='bbox 1738 1466 1909 1502; x_wconf 88' lang='lat' dir='ltr'>recedere</span> <span class='ocrx_word' id='word_1_296' title='bbox 1944 1465 1988 1502; x_wconf 87' lang='lat' dir='ltr'>ab</span> <span class='ocrx_word' id='word_1_297' title='bbox 2018 1477 2078 1510; x_wconf 82' lang='lat' dir='ltr'>ea,</span> <span class='ocrx_word' id='word_1_298' title='bbox 2126 1476 2235 1513; x_wconf 89' lang='lat' dir='ltr'>quam</span> <span class='ocrx_word' id='word_1_299' title='bbox 2270 1476 2383 1513; x_wconf 90' lang='lat' dir='ltr'>supra</span> 
     </span>
     <span class='ocr_line' id='line_1_24' title="bbox 167 1525 2384 1577; baseline 0 -15"><span class='ocrx_word' id='word_1_300' title='bbox 167 1525 516 1572; x_wconf 87' lang='lat' dir='ltr'>demonstravimus,</span> <span class='ocrx_word' id='word_1_301' title='bbox 552 1527 638 1565; x_wconf 93' lang='lat' dir='ltr'>inde</span> <span class='ocrx_word' id='word_1_302' title='bbox 672 1527 906 1576; x_wconf 82' lang='lat' dir='ltr'>potissimum</span> <span class='ocrx_word' id='word_1_303' title='bbox 938 1530 1114 1576; x_wconf 85' lang='lat' dir='ltr'>apparet,</span> <span class='ocrx_word' id='word_1_304' title='bbox 1156 1528 1252 1577; x_wconf 88' lang='lat' dir='ltr'>quod</span> <span class='ocrx_word' id='word_1_305' title='bbox 1289 1527 1365 1565; x_wconf 91' lang='lat' dir='ltr'>illic</span> <span class='ocrx_word' id='word_1_306' title='bbox 1399 1525 1609 1574; x_wconf 74' lang='grc' dir='ltr'><strong><em>ἀνάγνωσις</em></strong></span> <span class='ocrx_word' id='word_1_307' title='bbox 1649 1531 1704 1566; x_wconf 88' lang='lat' dir='ltr'>est</span> <span class='ocrx_word' id='word_1_308' title='bbox 1743 1527 1969 1575; x_wconf 87' lang='lat' dir='ltr'>singulorum</span> <span class='ocrx_word' id='word_1_309' title='bbox 2002 1527 2262 1565; x_wconf 82' lang='lat' dir='ltr'>vocabulorum</span> <span class='ocrx_word' id='word_1_310' title='bbox 2296 1539 2384 1576; x_wconf 88' lang='lat' dir='ltr'>pro-</span> 
     </span>
     <span class='ocr_line' id='line_1_25' title="bbox 165 1587 2385 1637; baseline 0 -15"><span class='ocrx_word' id='word_1_311' title='bbox 165 1588 347 1624; x_wconf 85' lang='lat' dir='ltr'>nuntiatio</span> <span class='ocrx_word' id='word_1_312' title='bbox 381 1592 445 1624; x_wconf 89' lang='lat' dir='ltr'>aut</span> <span class='ocrx_word' id='word_1_313' title='bbox 481 1589 618 1634; x_wconf 88' lang='lat' dir='ltr'>forma,</span> <span class='ocrx_word' id='word_1_314' title='bbox 661 1589 720 1625; x_wconf 89' lang='lat' dir='ltr'>hic</span> <span class='ocrx_word' id='word_1_315' title='bbox 758 1589 999 1637; x_wconf 86' lang='lat' dir='ltr'>complurium</span> <span class='ocrx_word' id='word_1_316' title='bbox 1042 1589 1237 1625; x_wconf 90' lang='lat' dir='ltr'>verborum</span> <span class='ocrx_word' id='word_1_317' title='bbox 1271 1590 1486 1637; x_wconf 91' lang='lat' dir='ltr'>compositio</span> <span class='ocrx_word' id='word_1_318' title='bbox 1521 1602 1563 1625; x_wconf 88' lang='lat' dir='ltr'>ac</span> <span class='ocrx_word' id='word_1_319' title='bbox 1597 1590 1815 1625; x_wconf 87' lang='lat' dir='ltr'>coniunctio.</span> <span class='ocrx_word' id='word_1_320' title='bbox 1889 1589 2015 1637; x_wconf 86' lang='lat' dir='ltr'>Itaque</span> <span class='ocrx_word' id='word_1_321' title='bbox 2055 1600 2135 1625; x_wconf 92' lang='lat' dir='ltr'>cum</span> <span class='ocrx_word' id='word_1_322' title='bbox 2175 1587 2385 1630; x_wconf 73' lang='grc' dir='ltr'><strong><em>συντάξεως</em></strong></span> 
     </span>
     <span class='ocr_line' id='line_1_26' title="bbox 165 1648 2382 1700; baseline 0 -16"><span class='ocrx_word' id='word_1_323' title='bbox 165 1648 314 1686; x_wconf 91' lang='lat' dir='ltr'>notione</span> <span class='ocrx_word' id='word_1_324' title='bbox 350 1648 405 1686; x_wconf 94' lang='lat' dir='ltr'>his</span> <span class='ocrx_word' id='word_1_325' title='bbox 438 1649 528 1687; x_wconf 90' lang='lat' dir='ltr'>locis</span> <span class='ocrx_word' id='word_1_326' title='bbox 566 1650 778 1697; x_wconf 82' lang='grc' dir='ltr'><strong><em>ἀνάγνωσις</em></strong></span> <span class='ocrx_word' id='word_1_327' title='bbox 811 1650 920 1697; x_wconf 85' lang='lat' dir='ltr'>facit,</span> <span class='ocrx_word' id='word_1_328' title='bbox 964 1663 1072 1699; x_wconf 90' lang='lat' dir='ltr'>quam</span> <span class='ocrx_word' id='word_1_329' title='bbox 1107 1651 1341 1700; x_wconf 83' lang='lat' dir='ltr'>exposuimus</span> <span class='ocrx_word' id='word_1_330' title='bbox 1375 1652 1413 1687; x_wconf 93' lang='lat' dir='ltr'>in</span> <span class='ocrx_word' id='word_1_331' title='bbox 1448 1652 1717 1688; x_wconf 84' lang='lat' dir='ltr'>dissertationis</span> <span class='ocrx_word' id='word_1_332' title='bbox 1749 1656 1913 1688; x_wconf 88' lang='lat' dir='ltr'>nostrae:</span> <span class='ocrx_word' id='word_1_333' title='bbox 1960 1651 2004 1688; x_wconf 92' lang='lat' dir='ltr'>de</span> <span class='ocrx_word' id='word_1_334' title='bbox 2033 1650 2261 1699; x_wconf 79' lang='lat' dir='ltr'>syntacticae</span> <span class='ocrx_word' id='word_1_335' title='bbox 2291 1649 2382 1685; x_wconf 88' lang='lat' dir='ltr'>artis</span> 
     </span>
     <span class='ocr_line' id='line_1_27' title="bbox 165 1711 689 1759; baseline 0.004 -13"><span class='ocrx_word' id='word_1_336' title='bbox 165 1711 353 1747; x_wconf 81' lang='lat' dir='ltr'>vocabulis</span> <span class='ocrx_word' id='word_1_337' title='bbox 380 1711 543 1759; x_wconf 90' lang='lat' dir='ltr'>propriis</span> <span class='ocrx_word' id='word_1_338' title='bbox 570 1723 607 1759; x_wconf 93' lang='lat' dir='ltr'>p.</span> <span class='ocrx_word' id='word_1_339' title='bbox 631 1712 689 1748; x_wconf 81' lang='lat'>15.</span> 
     </span>
    </p>

    <p class='ocr_par' dir='ltr' id='par_1_6' title="bbox 165 1771 2386 2249">
     <span class='ocr_line' id='line_1_28' title="bbox 289 1771 2386 1822; baseline 0 -15"><span class='ocrx_word' id='word_1_340' title='bbox 289 1771 510 1808; x_wconf 87' lang='lat' dir='ltr'>Accedimus</span> <span class='ocrx_word' id='word_1_341' title='bbox 547 1772 704 1821; x_wconf 88' lang='lat' dir='ltr'>denique</span> <span class='ocrx_word' id='word_1_342' title='bbox 742 1773 789 1809; x_wconf 91' lang='lat' dir='ltr'>ad</span> <span class='ocrx_word' id='word_1_343' title='bbox 823 1773 1007 1809; x_wconf 88' lang='lat' dir='ltr'>adiectiva</span> <span class='ocrx_word' id='word_1_344' title='bbox 1038 1772 1101 1820; x_wconf 83' lang='grc' dir='ltr'>τῆς</span> <span class='ocrx_word' id='word_1_345' title='bbox 1135 1771 1379 1819; x_wconf 81' lang='grc' dir='ltr'><strong><em>ἀναγνώσεως</em></strong></span> <span class='ocrx_word' id='word_1_346' title='bbox 1419 1773 1595 1810; x_wconf 80' lang='lat' dir='ltr'>vocabulo</span> <span class='ocrx_word' id='word_1_347' title='bbox 1636 1773 1828 1822; x_wconf 90' lang='lat' dir='ltr'>apposita,</span> <span class='ocrx_word' id='word_1_348' title='bbox 1871 1775 1911 1809; x_wconf 92' lang='lat' dir='ltr'>ut</span> <span class='ocrx_word' id='word_1_349' title='bbox 1943 1783 2056 1820; x_wconf 88' lang='lat' dir='ltr'>genus</span> <span class='ocrx_word' id='word_1_350' title='bbox 2098 1772 2282 1821; x_wconf 88' lang='lat' dir='ltr'>quoddam</span> <span class='ocrx_word' id='word_1_351' title='bbox 2323 1772 2386 1821; x_wconf 78' lang='grc' dir='ltr'>τῆς</span> 
     </span>
     <span class='ocr_line' id='line_1_29' title="bbox 169 1830 2384 1883; baseline 0 -14"><span class='ocrx_word' id='word_1_352' title='bbox 169 1830 413 1878; x_wconf 80' lang='grc' dir='ltr'><strong><em>ἀναγνώσεως</em></strong></span> <span class='ocrx_word' id='word_1_353' title='bbox 451 1834 658 1871; x_wconf 88' lang='lat' dir='ltr'>denotetur.</span> <span class='ocrx_word' id='word_1_354' title='bbox 735 1835 791 1872; x_wconf 93' lang='lat' dir='ltr'>Ac</span> <span class='ocrx_word' id='word_1_355' title='bbox 827 1835 1005 1883; x_wconf 88' lang='lat' dir='ltr'>scriptum</span> <span class='ocrx_word' id='word_1_356' title='bbox 1041 1835 1195 1881; x_wconf 89' lang='lat' dir='ltr'>legimus</span> <span class='ocrx_word' id='word_1_357' title='bbox 1231 1833 1335 1883; x_wconf 67' lang='grc' dir='ltr'><strong><em>κοινῆ</em></strong></span> <span class='ocrx_word' id='word_1_358' title='bbox 1373 1834 1582 1880; x_wconf 79' lang='grc' dir='ltr'><strong><em>ἀνάγνωσις</em></strong></span> <span class='ocrx_word' id='word_1_359' title='bbox 1618 1835 1716 1883; x_wconf 85' lang='lat' dir='ltr'>apud</span> <span class='ocrx_word' id='word_1_360' title='bbox 1753 1835 1994 1871; x_wconf 86' lang='lat' dir='ltr'>recentiorem</span> <span class='ocrx_word' id='word_1_361' title='bbox 2031 1840 2069 1871; x_wconf 85' lang='lat' dir='ltr'>A</span> <span class='ocrx_word' id='word_1_362' title='bbox 2097 1835 2171 1871; x_wconf 83' lang='grc'>465</span> <span class='ocrx_word' id='word_1_363' title='bbox 2210 1832 2229 1881; x_wconf 83' lang='grc' dir='ltr'><em>ἡ</em></span> <span class='ocrx_word' id='word_1_364' title='bbox 2256 1838 2384 1882; x_wconf 75' lang='grc' dir='ltr'><strong><em>μέντοι</em></strong></span> 
     </span>
     <span class='ocr_line' id='line_1_30' title="bbox 165 1890 2383 1944; baseline 0.001 -16"><span class='ocrx_word' id='word_1_365' title='bbox 165 1890 270 1942; x_wconf 76' lang='grc' dir='ltr'><strong><em>κοινή</em></strong></span> <span class='ocrx_word' id='word_1_366' title='bbox 302 1892 512 1939; x_wconf 77' lang='grc' dir='ltr'><strong><em>ἀνάγνωσις</em></strong></span> <span class='ocrx_word' id='word_1_367' title='bbox 546 1896 946 1943; x_wconf 76' lang='grc' dir='ltr'><strong><em>παραπληρωματικὸν</em></strong></span> <span class='ocrx_word' id='word_1_368' title='bbox 987 1896 1095 1943; x_wconf 56' lang='grc' dir='ltr'><strong><em>ἔλαβε</em></strong></span> <span class='ocrx_word' id='word_1_369' title='bbox 1123 1896 1166 1932; x_wconf 74' lang='grc' dir='ltr'>τὸ</span> <span class='ocrx_word' id='word_1_370' title='bbox 1195 1900 1250 1943; x_wconf 81' lang='grc' dir='ltr'>τὲ,</span> <span class='ocrx_word' id='word_1_371' title='bbox 1289 1908 1340 1934; x_wconf 90' lang='lat' dir='ltr'>sc.</span> <span class='ocrx_word' id='word_1_372' title='bbox 1371 1897 1408 1933; x_wconf 90' lang='lat' dir='ltr'>in</span> <span class='ocrx_word' id='word_1_373' title='bbox 1437 1897 1512 1944; x_wconf 82' lang='grc' dir='ltr'><strong><em>ἀρα</em></strong></span> <span class='ocrx_word' id='word_1_374' title='bbox 1544 1898 1574 1932; x_wconf 73' lang='grc' dir='ltr'>τ’</span> <span class='ocrx_word' id='word_1_375' title='bbox 1602 1897 1720 1943; x_wconf 77' lang='grc' dir='ltr'><strong><em>ἄλλα,</em></strong></span> <span class='ocrx_word' id='word_1_376' title='bbox 1760 1900 1799 1933; x_wconf 83' lang='lat' dir='ltr'>ut</span> <span class='ocrx_word' id='word_1_377' title='bbox 1832 1896 1977 1944; x_wconf 85' lang='lat' dir='ltr'>legatur</span> <span class='ocrx_word' id='word_1_378' title='bbox 2010 1896 2086 1932; x_wconf 83' lang='lat' dir='ltr'>sive</span> <span class='ocrx_word' id='word_1_379' title='bbox 2123 1896 2383 1944; x_wconf 86' lang='lat' dir='ltr'>pronuntietur</span> 
     </span>
     <span class='ocr_line' id='line_1_31' title="bbox 168 1953 2383 2005; baseline 0.001 -17"><span class='ocrx_word' id='word_1_380' title='bbox 168 1953 243 1998; x_wconf 80' lang='grc' dir='ltr'><strong><em>ἄρα</em></strong></span> <span class='ocrx_word' id='word_1_381' title='bbox 271 1953 443 2003; x_wconf 48' lang='lat' dir='ltr'>coimus)</span> <span class='ocrx_word' id='word_1_382' title='bbox 497 1956 636 1993; x_wconf 86' lang='lat' dir='ltr'>Herod.</span> <span class='ocrx_word' id='word_1_383' title='bbox 664 1959 699 1990; x_wconf 92' lang='lat' dir='ltr'><em>B</em></span> <span class='ocrx_word' id='word_1_384' title='bbox 718 1956 792 1992; x_wconf 79' lang='grc'>662</span> <span class='ocrx_word' id='word_1_385' title='bbox 820 1955 841 2002; x_wconf 85' lang='grc' dir='ltr'><em>ἡ</em></span> <span class='ocrx_word' id='word_1_386' title='bbox 865 1959 994 2002; x_wconf 82' lang='grc' dir='ltr'><strong><em>μέντοι</em></strong></span> <span class='ocrx_word' id='word_1_387' title='bbox 1022 1955 1126 2003; x_wconf 72' lang='grc' dir='ltr'><strong><em>κοινή</em></strong></span> <span class='ocrx_word' id='word_1_388' title='bbox 1154 1956 1375 2001; x_wconf 75' lang='grc' dir='ltr'><strong><em>ἀνάγνωσις,</em></strong></span> <span class='ocrx_word' id='word_1_389' title='bbox 1403 1957 1424 2005; x_wconf 81' lang='grc' dir='ltr'><em>ἡ</em></span> <span class='ocrx_word' id='word_1_390' title='bbox 1451 1956 1549 1992; x_wconf 67' lang='grc' dir='ltr'><strong><em>κατὰ</em></strong></span> <span class='ocrx_word' id='word_1_391' title='bbox 1573 1957 1768 2005; x_wconf 61' lang='grc' dir='ltr'><strong><em>συστολῇν,</em></strong></span> <span class='ocrx_word' id='word_1_392' title='bbox 1797 1955 1974 2004; x_wconf 63' lang='grc' dir='ltr'><strong><em>ἀφορμήν</em></strong></span> <span class='ocrx_word' id='word_1_393' title='bbox 1994 1957 2075 2001; x_wconf 69' lang='grc' dir='ltr'><strong><em>ἔσχε</em></strong></span> <span class='ocrx_word' id='word_1_394' title='bbox 2094 1956 2187 1994; x_wconf 77' lang='grc' dir='ltr'><strong><em>κτλ..</em></strong></span> <span class='ocrx_word' id='word_1_395' title='bbox 2243 1956 2383 1993; x_wconf 87' lang='lat' dir='ltr'>Herod.</span> 
     </span>
     <span class='ocr_line' id='line_1_32' title="bbox 167 2013 2384 2070; baseline 0 -17"><span class='ocrx_word' id='word_1_396' title='bbox 167 2017 201 2052; x_wconf 91' lang='lat' dir='ltr'><em>Z</em></span> <span class='ocrx_word' id='word_1_397' title='bbox 216 2015 291 2054; x_wconf 81' lang='lat'>355</span> <span class='ocrx_word' id='word_1_398' title='bbox 311 2013 332 2064; x_wconf 74' lang='grc' dir='ltr'><em>ἦ</em></span> <span class='ocrx_word' id='word_1_399' title='bbox 348 2018 475 2064; x_wconf 81' lang='grc' dir='ltr'><strong><em>μέντοι</em></strong></span> <span class='ocrx_word' id='word_1_400' title='bbox 495 2016 599 2070; x_wconf 72' lang='grc' dir='ltr'><strong><em>κοινῆ</em></strong></span> <span class='ocrx_word' id='word_1_401' title='bbox 620 2015 829 2063; x_wconf 78' lang='grc' dir='ltr'><strong><em>ἀνάγνωσις</em></strong></span> <span class='ocrx_word' id='word_1_402' title='bbox 848 2015 989 2063; x_wconf 83' lang='grc' dir='ltr'><strong><em>ἀνέγνω</em></strong></span> <span class='ocrx_word' id='word_1_403' title='bbox 1007 2018 1211 2064; x_wconf 74' lang='grc' dir='ltr'><strong><em>ἐγκλιτικῶς</em></strong></span> <span class='ocrx_word' id='word_1_404' title='bbox 1235 2015 1290 2055; x_wconf 77' lang='grc' dir='ltr'>ἀει</span> <span class='ocrx_word' id='word_1_405' title='bbox 1309 2015 1378 2065; x_wconf 71' lang='grc' dir='ltr'>τήν</span> <span class='ocrx_word' id='word_1_406' title='bbox 1399 2016 1577 2065; x_wconf 83' lang='grc' dir='ltr'><strong><em>τοιαι’την</em></strong></span> <span class='ocrx_word' id='word_1_407' title='bbox 1596 2015 1795 2063; x_wconf 75' lang='grc' dir='ltr'><strong><em>σι’·νταξιν,·</em></strong></span> <span class='ocrx_word' id='word_1_408' title='bbox 1821 2018 1939 2055; x_wconf 83' lang='lat' dir='ltr'>simin.</span> <span class='ocrx_word' id='word_1_409' title='bbox 1954 2022 1990 2057; x_wconf 93' lang='grc' dir='ltr'><em>Ξ</em></span> <span class='ocrx_word' id='word_1_410' title='bbox 2004 2018 2091 2055; x_wconf 86' lang='lat'>340</span> <span class='ocrx_word' id='word_1_411' title='bbox 2138 2019 2308 2067; x_wconf 87' lang='lat' dir='ltr'>Apparet</span> <span class='ocrx_word' id='word_1_412' title='bbox 2328 2018 2384 2055; x_wconf 69' lang='lat' dir='ltr'>his»</span> 
     </span>
     <span class='ocr_line' id='line_1_33' title="bbox 167 2078 2384 2128; baseline 0.001 -14"><span class='ocrx_word' id='word_1_413' title='bbox 167 2088 310 2126; x_wconf 91' lang='lat' dir='ltr'>quoque</span> <span class='ocrx_word' id='word_1_414' title='bbox 343 2079 407 2126; x_wconf 84' lang='grc' dir='ltr'><strong><em>τῆς</em></strong></span> <span class='ocrx_word' id='word_1_415' title='bbox 442 2078 685 2126; x_wconf 81' lang='grc' dir='ltr'><strong><em>ἀναγνώσεως</em></strong></span> <span class='ocrx_word' id='word_1_416' title='bbox 724 2090 871 2116; x_wconf 89' lang='lat' dir='ltr'>sensum</span> <span class='ocrx_word' id='word_1_417' title='bbox 907 2079 1089 2128; x_wconf 87' lang='lat' dir='ltr'>proficisci</span> <span class='ocrx_word' id='word_1_418' title='bbox 1122 2078 1167 2116; x_wconf 86' lang='lat' dir='ltr'>ab</span> <span class='ocrx_word' id='word_1_419' title='bbox 1201 2079 1266 2115; x_wconf 92' lang='lat' dir='ltr'>illo</span> <span class='ocrx_word' id='word_1_420' title='bbox 1300 2078 1499 2127; x_wconf 88' lang='lat' dir='ltr'>principali</span> <span class='ocrx_word' id='word_1_421' title='bbox 1546 2079 1915 2127; x_wconf 78' lang='lat' dir='ltr'>„pronuntiatio11is“,</span> <span class='ocrx_word' id='word_1_422' title='bbox 1953 2083 1993 2116; x_wconf 90' lang='lat' dir='ltr'>ut</span> <span class='ocrx_word' id='word_1_423' title='bbox 2026 2080 2163 2128; x_wconf 88' lang='lat' dir='ltr'>optime</span> <span class='ocrx_word' id='word_1_424' title='bbox 2198 2083 2384 2117; x_wconf 85' lang='lat' dir='ltr'>vertamus</span> 
     </span>
     <span class='ocr_line' id='line_1_34' title="bbox 167 2138 2385 2189; baseline 0.001 -15"><span class='ocrx_word' id='word_1_425' title='bbox 167 2138 388 2176; x_wconf 87' lang='lat' dir='ltr'>locutionem</span> <span class='ocrx_word' id='word_1_426' title='bbox 428 2139 616 2189; x_wconf 54' lang='grc' dir='ltr'><strong><em>,συνήθης</em></strong></span> <span class='ocrx_word' id='word_1_427' title='bbox 643 2139 875 2186; x_wconf 79' lang='grc' dir='ltr'><strong><em>ἀνάγνωσις“</em></strong></span> <span class='ocrx_word' id='word_1_428' title='bbox 914 2140 1220 2187; x_wconf 82' lang='lat' dir='ltr'>pronuntiationem</span> <span class='ocrx_word' id='word_1_429' title='bbox 1247 2141 1430 2187; x_wconf 69' lang='lat' dir='ltr'>vulgarem.</span> <span class='ocrx_word' id='word_1_430' title='bbox 1499 2139 1625 2188; x_wconf 82' lang='lat' dir='ltr'>Itaque</span> <span class='ocrx_word' id='word_1_431' title='bbox 1665 2141 1866 2177; x_wconf 86' lang='lat' dir='ltr'>cavendum</span> <span class='ocrx_word' id='word_1_432' title='bbox 1902 2145 1976 2186; x_wconf 82' lang='lat' dir='ltr'>est,</span> <span class='ocrx_word' id='word_1_433' title='bbox 2019 2154 2064 2178; x_wconf 82' lang='lat' dir='ltr'>ne</span> <span class='ocrx_word' id='word_1_434' title='bbox 2099 2141 2293 2189; x_wconf 81' lang='lat' dir='ltr'>opinemur</span> <span class='ocrx_word' id='word_1_435' title='bbox 2330 2141 2385 2178; x_wconf 61' lang='lat' dir='ltr'>his</span> 
     </span>
     <span class='ocr_line' id='line_1_35' title="bbox 167 2198 1557 2249; baseline 0.001 -13"><span class='ocrx_word' id='word_1_436' title='bbox 167 2199 258 2237; x_wconf 90' lang='lat' dir='ltr'>locis</span> <span class='ocrx_word' id='word_1_437' title='bbox 285 2199 378 2238; x_wconf 86' lang='lat' dir='ltr'>hanc</span> <span class='ocrx_word' id='word_1_438' title='bbox 405 2200 627 2239; x_wconf 88' lang='lat' dir='ltr'>locutionem</span> <span class='ocrx_word' id='word_1_439' title='bbox 655 2211 735 2238; x_wconf 91' lang='lat' dir='ltr'>esse</span> <span class='ocrx_word' id='word_1_440' title='bbox 763 2211 831 2249; x_wconf 90' lang='lat' dir='ltr'>pro</span> <span class='ocrx_word' id='word_1_441' title='bbox 859 2200 925 2239; x_wconf 90' lang='lat' dir='ltr'>illa</span> <span class='ocrx_word' id='word_1_442' title='bbox 951 2200 1144 2239; x_wconf 87' lang='lat' dir='ltr'>notissima</span> <span class='ocrx_word' id='word_1_443' title='bbox 1172 2198 1212 2236; x_wconf 82' lang='grc' dir='ltr'><strong><em>αἱ</em></strong></span> <span class='ocrx_word' id='word_1_444' title='bbox 1237 2208 1359 2238; x_wconf 74' lang='grc' dir='ltr'><strong><em>κοιναὶ</em></strong></span> <span class='ocrx_word' id='word_1_445' title='bbox 1385 2199 1557 2244; x_wconf 80' lang='grc' dir='ltr'><strong><em>ἐκδόσεις.</em></strong></span> 
     </span>
    </p>

    <p class='ocr_par' dir='ltr' id='par_1_7' title="bbox 167 2260 2384 2618">
     <span class='ocr_line' id='line_1_36' title="bbox 292 2260 2384 2312; baseline 0 -13"><span class='ocrx_word' id='word_1_446' title='bbox 292 2261 351 2300; x_wconf 83' lang='lat' dir='ltr'>Sic</span> <span class='ocrx_word' id='word_1_447' title='bbox 378 2263 500 2311; x_wconf 74' lang='lat' dir='ltr'>potius</span> <span class='ocrx_word' id='word_1_448' title='bbox 528 2275 609 2300; x_wconf 82' lang='lat' dir='ltr'>eam</span> <span class='ocrx_word' id='word_1_449' title='bbox 635 2262 963 2310; x_wconf 76' lang='lat' dir='ltr'>interpretabimur</span> <span class='ocrx_word' id='word_1_450' title='bbox 998 2262 1136 2300; x_wconf 83' lang='lat' dir='ltr'>Herod.</span> <span class='ocrx_word' id='word_1_451' title='bbox 1166 2264 1209 2297; x_wconf 93' lang='lat' dir='ltr'><em>M</em></span> <span class='ocrx_word' id='word_1_452' title='bbox 1228 2262 1276 2298; x_wconf 81' lang='lat'>33</span> <span class='ocrx_word' id='word_1_453' title='bbox 1303 2260 1352 2312; x_wconf 76' lang='grc' dir='ltr'>ἲῃ]</span> <span class='ocrx_word' id='word_1_454' title='bbox 1388 2261 1407 2310; x_wconf 74' lang='grc' dir='ltr'><em>ἦ</em></span> <span class='ocrx_word' id='word_1_455' title='bbox 1433 2265 1560 2308; x_wconf 81' lang='grc' dir='ltr'><strong><em>μέντοι</em></strong></span> <span class='ocrx_word' id='word_1_456' title='bbox 1588 2262 1708 2310; x_wconf 72' lang='grc' dir='ltr'><strong><em>κοινῆ,</em></strong></span> <span class='ocrx_word' id='word_1_457' title='bbox 1743 2276 1793 2300; x_wconf 82' lang='lat' dir='ltr'>so.</span> <span class='ocrx_word' id='word_1_458' title='bbox 1828 2264 2056 2311; x_wconf 65' lang='grc' dir='ltr'><strong><em>ἀνάγνωσις,</em></strong></span> <span class='ocrx_word' id='word_1_459' title='bbox 2093 2269 2154 2299; x_wconf 75' lang='grc' dir='ltr'>ἵει</span> <span class='ocrx_word' id='word_1_460' title='bbox 2183 2265 2285 2300; x_wconf 78' lang='grc' dir='ltr'><strong><em>ἐστὶν</em></strong></span> <span class='ocrx_word' id='word_1_461' title='bbox 2308 2265 2384 2299; x_wconf 74' lang='grc' dir='ltr'><strong><em>κτλ.</em></strong></span> 
     </span>
     <span class='ocr_line' id='line_1_37' title="bbox 168 2321 2384 2373; baseline 0.001 -16"><span class='ocrx_word' id='word_1_462' title='bbox 168 2325 205 2358; x_wconf 90' lang='lat' dir='ltr'>et</span> <span class='ocrx_word' id='word_1_463' title='bbox 232 2323 372 2359; x_wconf 89' lang='lat' dir='ltr'>M404</span> <span class='ocrx_word' id='word_1_464' title='bbox 397 2323 418 2371; x_wconf 87' lang='grc' dir='ltr'>η’</span> <span class='ocrx_word' id='word_1_465' title='bbox 444 2324 484 2359; x_wconf 79' lang='grc' dir='ltr'>δὲ</span> <span class='ocrx_word' id='word_1_466' title='bbox 510 2321 664 2372; x_wconf 83' lang='grc' dir='ltr'><strong><em>διαπρό]</em></strong></span> <span class='ocrx_word' id='word_1_467' title='bbox 700 2321 816 2366; x_wconf 83' lang='grc' dir='ltr'><strong><em>οὕτως</em></strong></span> <span class='ocrx_word' id='word_1_468' title='bbox 844 2322 953 2371; x_wconf 62' lang='lat' dir='ltr'>„offis</span> <span class='ocrx_word' id='word_1_469' title='bbox 979 2322 1045 2359; x_wconf 78' lang='grc' dir='ltr'>διοέ</span> <span class='ocrx_word' id='word_1_470' title='bbox 1067 2321 1168 2370; x_wconf 79' lang='grc' dir='ltr'><strong><em>πρό“</em></strong></span> <span class='ocrx_word' id='word_1_471' title='bbox 1206 2321 1247 2357; x_wconf 79' lang='grc' dir='ltr'><strong><em>αἱ</em></strong></span> <span class='ocrx_word' id='word_1_472' title='bbox 1273 2321 1532 2369; x_wconf 75' lang='grc' dir='ltr'><strong><em>Ἀριστάρχου.</em></strong></span> <span class='ocrx_word' id='word_1_473' title='bbox 1588 2322 1607 2366; x_wconf 68' lang='grc' dir='ltr'>ἡ</span> <span class='ocrx_word' id='word_1_474' title='bbox 1634 2324 1674 2359; x_wconf 80' lang='grc' dir='ltr'>δὲ</span> <span class='ocrx_word' id='word_1_475' title='bbox 1701 2324 1805 2366; x_wconf 77' lang='grc' dir='ltr'><strong><em>κοινὴ</em></strong></span> <span class='ocrx_word' id='word_1_476' title='bbox 1836 2323 1884 2373; x_wconf 57' lang='lat' dir='ltr'>„vj</span> <span class='ocrx_word' id='word_1_477' title='bbox 1910 2325 1949 2361; x_wconf 78' lang='grc' dir='ltr'>δὲ</span> <span class='ocrx_word' id='word_1_478' title='bbox 1978 2324 2043 2361; x_wconf 78' lang='grc' dir='ltr'>διά</span> <span class='ocrx_word' id='word_1_479' title='bbox 2070 2323 2179 2371; x_wconf 69' lang='grc' dir='ltr'><strong><em>πρό.“</em></strong></span> <span class='ocrx_word' id='word_1_480' title='bbox 2198 2322 2229 2371; x_wconf 82' lang='lat'>³)</span> <span class='ocrx_word' id='word_1_481' title='bbox 2292 2323 2384 2373; x_wconf 81' lang='lat' dir='ltr'>Ipsis</span> 
     </span>
     <span class='ocr_line' id='line_1_38' title="bbox 167 2383 2384 2435; baseline 0.001 -15"><span class='ocrx_word' id='word_1_482' title='bbox 167 2383 386 2422; x_wconf 90' lang='lat' dir='ltr'>scholiorum</span> <span class='ocrx_word' id='word_1_483' title='bbox 415 2385 538 2423; x_wconf 86' lang='lat' dir='ltr'>verbis</span> <span class='ocrx_word' id='word_1_484' title='bbox 567 2386 740 2423; x_wconf 89' lang='lat' dir='ltr'>docemur</span> <span class='ocrx_word' id='word_1_485' title='bbox 768 2386 1021 2435; x_wconf 88' lang='lat' dir='ltr'>quaestionem</span> <span class='ocrx_word' id='word_1_486' title='bbox 1048 2397 1121 2422; x_wconf 90' lang='lat' dir='ltr'>non</span> <span class='ocrx_word' id='word_1_487' title='bbox 1140 2397 1233 2431; x_wconf 90' lang='lat' dir='ltr'>esse,</span> <span class='ocrx_word' id='word_1_488' title='bbox 1263 2384 1442 2432; x_wconf 86' lang='lat' dir='ltr'>quomodo</span> <span class='ocrx_word' id='word_1_489' title='bbox 1472 2384 1630 2430; x_wconf 84' lang='lat' dir='ltr'>legenda</span> <span class='ocrx_word' id='word_1_490' title='bbox 1657 2388 1720 2421; x_wconf 84' lang='lat' dir='ltr'>aut</span> <span class='ocrx_word' id='word_1_491' title='bbox 1747 2386 1999 2433; x_wconf 87' lang='lat' dir='ltr'>intellegenda</span> <span class='ocrx_word' id='word_1_492' title='bbox 2026 2390 2089 2423; x_wconf 86' lang='lat' dir='ltr'>aut</span> <span class='ocrx_word' id='word_1_493' title='bbox 2109 2386 2384 2434; x_wconf 87' lang='lat' dir='ltr'>pronuntianda</span> 
     </span>
     <span class='ocr_line' id='line_1_39' title="bbox 171 2445 2382 2496; baseline 0 -14"><span class='ocrx_word' id='word_1_494' title='bbox 171 2446 245 2482; x_wconf 87' lang='lat' dir='ltr'>sint</span> <span class='ocrx_word' id='word_1_495' title='bbox 272 2447 462 2493; x_wconf 85' lang='lat' dir='ltr'>vocabula,</span> <span class='ocrx_word' id='word_1_496' title='bbox 491 2447 620 2484; x_wconf 88' lang='lat' dir='ltr'>eadem</span> <span class='ocrx_word' id='word_1_497' title='bbox 649 2447 782 2496; x_wconf 92' lang='lat' dir='ltr'>ubique</span> <span class='ocrx_word' id='word_1_498' title='bbox 810 2447 1008 2485; x_wconf 88' lang='lat' dir='ltr'>memoriae</span> <span class='ocrx_word' id='word_1_499' title='bbox 1036 2447 1192 2492; x_wconf 87' lang='lat' dir='ltr'>tradita,</span> <span class='ocrx_word' id='word_1_500' title='bbox 1221 2446 1285 2483; x_wconf 91' lang='lat' dir='ltr'>sed</span> <span class='ocrx_word' id='word_1_501' title='bbox 1315 2445 1497 2493; x_wconf 84' lang='lat' dir='ltr'>duplicem</span> <span class='ocrx_word' id='word_1_502' title='bbox 1527 2448 1562 2482; x_wconf 90' lang='lat' dir='ltr'>et</span> <span class='ocrx_word' id='word_1_503' title='bbox 1591 2445 1773 2482; x_wconf 85' lang='lat' dir='ltr'>diversum</span> <span class='ocrx_word' id='word_1_504' title='bbox 1802 2450 1949 2484; x_wconf 78' lang='lat' dir='ltr'>exstare</span> <span class='ocrx_word' id='word_1_505' title='bbox 1976 2450 2131 2493; x_wconf 79' lang='lat' dir='ltr'>textum,</span> <span class='ocrx_word' id='word_1_506' title='bbox 2160 2451 2199 2483; x_wconf 89' lang='lat' dir='ltr'>ut</span> <span class='ocrx_word' id='word_1_507' title='bbox 2227 2447 2382 2484; x_wconf 84' lang='lat' dir='ltr'>alteram</span> 
     </span>
     <span class='ocr_line' id='line_1_40' title="bbox 172 2506 2383 2558; baseline 0.001 -15"><span class='ocrx_word' id='word_1_508' title='bbox 172 2507 369 2544; x_wconf 89' lang='lat' dir='ltr'>lectionem</span> <span class='ocrx_word' id='word_1_509' title='bbox 410 2508 616 2556; x_wconf 85' lang='lat' dir='ltr'>praebeant</span> <span class='ocrx_word' id='word_1_510' title='bbox 655 2509 890 2545; x_wconf 89' lang='lat' dir='ltr'>Aristarchus</span> <span class='ocrx_word' id='word_1_511' title='bbox 927 2509 991 2558; x_wconf 87' lang='lat' dir='ltr'>(M</span> <span class='ocrx_word' id='word_1_512' title='bbox 1014 2507 1107 2555; x_wconf 82' lang='lat'>404)</span> <span class='ocrx_word' id='word_1_513' title='bbox 1150 2508 1285 2556; x_wconf 89' lang='lat' dir='ltr'>aliique</span> <span class='ocrx_word' id='word_1_514' title='bbox 1314 2506 1373 2554; x_wconf 82' lang='lat' dir='ltr'>(M</span> <span class='ocrx_word' id='word_1_515' title='bbox 1398 2506 1480 2554; x_wconf 82' lang='lat'>33),</span> <span class='ocrx_word' id='word_1_516' title='bbox 1523 2506 1676 2543; x_wconf 86' lang='lat' dir='ltr'>alteram</span> <span class='ocrx_word' id='word_1_517' title='bbox 1714 2507 1865 2557; x_wconf 67' lang='grc' dir='ltr'><strong><em>ἡκοινῇ</em></strong></span> <span class='ocrx_word' id='word_1_518' title='bbox 1891 2507 2118 2554; x_wconf 82' lang='grc' dir='ltr'><strong><em>ἀνάγνωσις,</em></strong></span> <span class='ocrx_word' id='word_1_519' title='bbox 2158 2509 2182 2545; x_wconf 94' lang='lat' dir='ltr'>i.</span> <span class='ocrx_word' id='word_1_520' title='bbox 2208 2521 2240 2545; x_wconf 89' lang='lat' dir='ltr'>e.</span> <span class='ocrx_word' id='word_1_521' title='bbox 2267 2509 2383 2546; x_wconf 79' lang='lat' dir='ltr'>textus</span> 
     </span>
     <span class='ocr_line' id='line_1_41' title="bbox 172 2568 2381 2618; baseline 0.001 -13"><span class='ocrx_word' id='word_1_522' title='bbox 172 2569 340 2615; x_wconf 71' lang='lat' dir='ltr'>vulgaris,</span> <span class='ocrx_word' id='word_1_523' title='bbox 367 2569 528 2616; x_wconf 70' lang='lat' dir='ltr'>Vulgata,</span> <span class='ocrx_word' id='word_1_524' title='bbox 566 2574 606 2605; x_wconf 90' lang='lat' dir='ltr'>ut</span> <span class='ocrx_word' id='word_1_525' title='bbox 633 2568 932 2618; x_wconf 82' lang='lat' dir='ltr'>Wackernagelii</span> <span class='ocrx_word' id='word_1_526' title='bbox 964 2570 1086 2607; x_wconf 90' lang='lat' dir='ltr'>verbis</span> <span class='ocrx_word' id='word_1_527' title='bbox 1117 2572 1219 2613; x_wconf 87' lang='lat' dir='ltr'>utar;</span> <span class='ocrx_word' id='word_1_528' title='bbox 1265 2569 1382 2605; x_wconf 89' lang='lat' dir='ltr'>simm.</span> <span class='ocrx_word' id='word_1_529' title='bbox 1418 2571 1453 2603; x_wconf 90' lang='lat' dir='ltr'><em>B</em></span> <span class='ocrx_word' id='word_1_530' title='bbox 1481 2569 1552 2604; x_wconf 76' lang='lat'>175</span> <span class='ocrx_word' id='word_1_531' title='bbox 1586 2574 1623 2605; x_wconf 85' lang='lat' dir='ltr'><em>A</em></span> <span class='ocrx_word' id='word_1_532' title='bbox 1650 2570 1724 2605; x_wconf 83' lang='lat'>652</span> <span class='ocrx_word' id='word_1_533' title='bbox 1759 2572 1790 2604; x_wconf 91' lang='grc' dir='ltr'><strong><em>Ρ</em></strong></span> <span class='ocrx_word' id='word_1_534' title='bbox 1812 2570 1885 2606; x_wconf 77' lang='lat'>202</span> <span class='ocrx_word' id='word_1_535' title='bbox 1925 2572 1958 2604; x_wconf 89' lang='lat' dir='ltr'><strong><em>Y</em></strong></span> <span class='ocrx_word' id='word_1_536' title='bbox 1978 2571 2049 2606; x_wconf 80' lang='lat'>105</span> <span class='ocrx_word' id='word_1_537' title='bbox 2084 2572 2119 2606; x_wconf 82' lang='lat'>‹1›</span> <span class='ocrx_word' id='word_1_538' title='bbox 2143 2572 2215 2607; x_wconf 85' lang='lat'>110</span> <span class='ocrx_word' id='word_1_539' title='bbox 2253 2572 2381 2607; x_wconf 58' lang='lat'>112&#39;38&#39;1&#39;</span> 
     </span>
    </p>
   </div>
   <div class='ocr_carea' id='block_1_5' title="bbox 171 2679 2382 2763">
    <p class='ocr_par' dir='ltr' id='par_1_8' title="bbox 171 2679 2382 2763">
     <span class='ocr_line' id='line_1_42' title="bbox 297 2679 2382 2720; baseline 0 -9"><span class='ocrx_word' id='word_1_540' title='bbox 297 2681 319 2720; x_wconf 85' lang='lat'>¹)</span> <span class='ocrx_word' id='word_1_541' title='bbox 346 2681 428 2712; x_wconf 76' lang='lat' dir='ltr'>Cave</span> <span class='ocrx_word' id='word_1_542' title='bbox 450 2690 488 2712; x_wconf 89' lang='lat' dir='ltr'>ne</span> <span class='ocrx_word' id='word_1_543' title='bbox 510 2680 678 2712; x_wconf 81' lang='lat' dir='ltr'>confundas</span> <span class='ocrx_word' id='word_1_544' title='bbox 704 2681 784 2712; x_wconf 86' lang='lat' dir='ltr'>hanc</span> <span class='ocrx_word' id='word_1_545' title='bbox 804 2681 965 2712; x_wconf 83' lang='lat' dir='ltr'>Nicanoris</span> <span class='ocrx_word' id='word_1_546' title='bbox 992 2681 1175 2712; x_wconf 88' lang='lat' dir='ltr'>locutionem</span> <span class='ocrx_word' id='word_1_547' title='bbox 1207 2680 1336 2716; x_wconf 67' lang='grc' dir='ltr'><strong><em>σννὴθης</em></strong></span> <span class='ocrx_word' id='word_1_548' title='bbox 1363 2679 1534 2718; x_wconf 73' lang='grc' dir='ltr'><strong><em>ιῖνιῖγνιιισις</em></strong></span> <span class='ocrx_word' id='word_1_549' title='bbox 1561 2690 1629 2710; x_wconf 86' lang='lat' dir='ltr'>cum</span> <span class='ocrx_word' id='word_1_550' title='bbox 1651 2680 1705 2711; x_wconf 87' lang='lat' dir='ltr'>illa</span> <span class='ocrx_word' id='word_1_551' title='bbox 1726 2680 1908 2718; x_wconf 82' lang='lat' dir='ltr'>Herodiani‚</span> <span class='ocrx_word' id='word_1_552' title='bbox 1936 2682 1972 2712; x_wconf 87' lang='lat' dir='ltr'>de</span> <span class='ocrx_word' id='word_1_553' title='bbox 1995 2691 2055 2719; x_wconf 88' lang='lat' dir='ltr'>qua</span> <span class='ocrx_word' id='word_1_554' title='bbox 2078 2682 2160 2712; x_wconf 79' lang='lat' dir='ltr'>infra</span> <span class='ocrx_word' id='word_1_555' title='bbox 2189 2683 2382 2713; x_wconf 84' lang='lat' dir='ltr'>disseremus.</span> 
     </span>
     <span class='ocr_line' id='line_1_43' title="bbox 171 2720 1972 2763; baseline 0 -9"><span class='ocrx_word' id='word_1_556' title='bbox 171 2723 273 2754; x_wconf 83' lang='lat' dir='ltr'>Huius</span> <span class='ocrx_word' id='word_1_557' title='bbox 295 2722 353 2753; x_wconf 88' lang='lat' dir='ltr'>loci</span> <span class='ocrx_word' id='word_1_558' title='bbox 380 2731 503 2754; x_wconf 85' lang='lat' dir='ltr'>sensum</span> <span class='ocrx_word' id='word_1_559' title='bbox 525 2731 591 2753; x_wconf 89' lang='lat' dir='ltr'>esse</span> <span class='ocrx_word' id='word_1_560' title='bbox 613 2722 903 2754; x_wconf 84' lang='lat' dir='ltr'>distinctionem</span> <span class='ocrx_word' id='word_1_561' title='bbox 925 2723 1087 2763; x_wconf 84' lang='lat' dir='ltr'>vulgarem</span> <span class='ocrx_word' id='word_1_562' title='bbox 1110 2732 1126 2754; x_wconf 94' lang='lat' dir='ltr'>e</span> <span class='ocrx_word' id='word_1_563' title='bbox 1148 2721 1269 2759; x_wconf 81' lang='lat' dir='ltr'>ceteris,</span> <span class='ocrx_word' id='word_1_564' title='bbox 1292 2730 1369 2759; x_wconf 86' lang='lat' dir='ltr'>quae</span> <span class='ocrx_word' id='word_1_565' title='bbox 1393 2720 1564 2758; x_wconf 84' lang='lat' dir='ltr'>attulimus,</span> <span class='ocrx_word' id='word_1_566' title='bbox 1588 2722 1711 2753; x_wconf 85' lang='lat' dir='ltr'>scholiis</span> <span class='ocrx_word' id='word_1_567' title='bbox 1734 2722 1811 2753; x_wconf 87' lang='lat' dir='ltr'>satis</span> <span class='ocrx_word' id='word_1_568' title='bbox 1833 2727 1972 2762; x_wconf 84' lang='lat' dir='ltr'>apparet.</span> 
     </span>
    </p>
   </div>
   <div class='ocr_carea' id='block_1_6' title="bbox 167 2773 2382 2896">
    <p class='ocr_par' dir='ltr' id='par_1_9' title="bbox 167 2773 2382 2896">
     <span class='ocr_line' id='line_1_44' title="bbox 293 2773 2382 2815; baseline 0 -11"><span class='ocrx_word' id='word_1_569' title='bbox 293 2774 317 2813; x_wconf 83' lang='lat'>¹)</span> <span class='ocrx_word' id='word_1_570' title='bbox 345 2774 492 2804; x_wconf 83' lang='lat' dir='ltr'>Lehrsius</span> <span class='ocrx_word' id='word_1_571' title='bbox 520 2777 553 2804; x_wconf 89' lang='lat' dir='ltr'>et</span> <span class='ocrx_word' id='word_1_572' title='bbox 578 2774 728 2804; x_wconf 88' lang='lat' dir='ltr'>Lentzius</span> <span class='ocrx_word' id='word_1_573' title='bbox 755 2775 786 2804; x_wconf 92' lang='lat' dir='ltr'>ll.</span> <span class='ocrx_word' id='word_1_574' title='bbox 808 2784 851 2804; x_wconf 90' lang='lat' dir='ltr'>cc.</span> <span class='ocrx_word' id='word_1_575' title='bbox 874 2775 912 2804; x_wconf 86' lang='lat' dir='ltr'>ab</span> <span class='ocrx_word' id='word_1_576' title='bbox 939 2775 1113 2805; x_wconf 81' lang='lat' dir='ltr'>Herodiano</span> <span class='ocrx_word' id='word_1_577' title='bbox 1142 2776 1197 2805; x_wconf 91' lang='lat' dir='ltr'>hoc</span> <span class='ocrx_word' id='word_1_578' title='bbox 1224 2773 1336 2804; x_wconf 86' lang='lat' dir='ltr'>codicis</span> <span class='ocrx_word' id='word_1_579' title='bbox 1372 2779 1389 2801; x_wconf 71' lang='lat' dir='ltr'><em>A</em></span> <span class='ocrx_word' id='word_1_580' title='bbox 1418 2773 1553 2803; x_wconf 88' lang='lat' dir='ltr'>scholion</span> <span class='ocrx_word' id='word_1_581' title='bbox 1579 2774 1824 2813; x_wconf 79' lang='lat' dir='ltr'>abrogaverunt,</span> <span class='ocrx_word' id='word_1_582' title='bbox 1852 2775 1903 2805; x_wconf 85' lang='lat' dir='ltr'>sed</span> <span class='ocrx_word' id='word_1_583' title='bbox 1931 2775 2014 2806; x_wconf 87' lang='lat' dir='ltr'>aliud</span> <span class='ocrx_word' id='word_1_584' title='bbox 2043 2775 2177 2806; x_wconf 84' lang='lat' dir='ltr'>eiusdem</span> <span class='ocrx_word' id='word_1_585' title='bbox 2205 2775 2382 2815; x_wconf 83' lang='lat' dir='ltr'>argumenti</span> 
     </span>
     <span class='ocr_line' id='line_1_45' title="bbox 167 2814 2382 2896; baseline 0 -49"><span class='ocrx_word' id='word_1_586' title='bbox 167 2815 353 2889; x_wconf 49' lang='grc' dir='ltr'><strong><em>ἓιέᾱίἒῶιὲιωΒ</em></strong></span> <span class='ocrx_word' id='word_1_587' title='bbox 355 2815 694 2896; x_wconf 44' lang='lat' dir='ltr'>1psttnrrpefflutribuerunt.</span> <span class='ocrx_word' id='word_1_588' title='bbox 730 2816 792 2847; x_wconf 87' lang='lat' dir='ltr'>Nos</span> <span class='ocrx_word' id='word_1_589' title='bbox 814 2825 885 2847; x_wconf 90' lang='lat' dir='ltr'>vero</span> <span class='ocrx_word' id='word_1_590' title='bbox 907 2816 983 2847; x_wconf 88' lang='lat' dir='ltr'>illud</span> <span class='ocrx_word' id='word_1_591' title='bbox 1004 2817 1089 2854; x_wconf 69' lang='grc' dir='ltr'><strong><em>κοινιὶ</em></strong></span> <span class='ocrx_word' id='word_1_592' title='bbox 1112 2816 1285 2856; x_wconf 72' lang='grc' dir='ltr'><strong><em>ἀνάγνωσις</em></strong></span> <span class='ocrx_word' id='word_1_593' title='bbox 1306 2824 1360 2846; x_wconf 72' lang='lat' dir='ltr'>clu·</span> <span class='ocrx_word' id='word_1_594' title='bbox 1381 2815 1410 2845; x_wconf 87' lang='lat' dir='ltr'>ei</span> <span class='ocrx_word' id='word_1_595' title='bbox 1432 2814 1649 2853; x_wconf 86' lang='lat' dir='ltr'>abiudicemus,</span> <span class='ocrx_word' id='word_1_596' title='bbox 1672 2826 1731 2847; x_wconf 91' lang='lat' dir='ltr'>non</span> <span class='ocrx_word' id='word_1_597' title='bbox 1752 2816 1910 2855; x_wconf 84' lang='lat' dir='ltr'>habemus,</span> <span class='ocrx_word' id='word_1_598' title='bbox 1933 2817 2043 2857; x_wconf 87' lang='lat' dir='ltr'>quippe</span> <span class='ocrx_word' id='word_1_599' title='bbox 2065 2818 2144 2856; x_wconf 89' lang='lat' dir='ltr'>quod</span> <span class='ocrx_word' id='word_1_600' title='bbox 2165 2817 2244 2848; x_wconf 85' lang='lat' dir='ltr'>alias</span> <span class='ocrx_word' id='word_1_601' title='bbox 2266 2826 2382 2856; x_wconf 83' lang='lat' dir='ltr'>quoque</span> 
     </span>
    </p>
   </div>
   <div class='ocr_carea' id='block_1_7' title="bbox 295 2906 2331 2950">
    <p class='ocr_par' dir='ltr' id='par_1_10' title="bbox 295 2906 2331 2950">
     <span class='ocr_line' id='line_1_46' title="bbox 295 2906 2331 2950; baseline 0.002 -13"><span class='ocrx_word' id='word_1_602' title='bbox 295 2908 318 2950; x_wconf 87' lang='lat'>⁸)</span> <span class='ocrx_word' id='word_1_603' title='bbox 348 2906 365 2948; x_wconf 80' lang='grc' dir='ltr'><strong><em>ἧ</em></strong></span> <span class='ocrx_word' id='word_1_604' title='bbox 386 2909 511 2948; x_wconf 68' lang='grc' dir='ltr'><strong><em>ἔκδυσις,</em></strong></span> <span class='ocrx_word' id='word_1_605' title='bbox 534 2917 603 2939; x_wconf 89' lang='lat' dir='ltr'>cum</span> <span class='ocrx_word' id='word_1_606' title='bbox 624 2916 774 2948; x_wconf 77' lang='lat' dir='ltr'>nusquam</span> <span class='ocrx_word' id='word_1_607' title='bbox 797 2908 949 2948; x_wconf 79' lang='lat' dir='ltr'>laudetur,</span> <span class='ocrx_word' id='word_1_608' title='bbox 977 2908 1030 2940; x_wconf 85' lang='lat' dir='ltr'>sed</span> <span class='ocrx_word' id='word_1_609' title='bbox 1051 2916 1171 2949; x_wconf 87' lang='lat' dir='ltr'>semper</span> <span class='ocrx_word' id='word_1_610' title='bbox 1193 2909 1222 2938; x_wconf 79' lang='grc' dir='ltr'>αἱ</span> <span class='ocrx_word' id='word_1_611' title='bbox 1245 2906 1385 2949; x_wconf 68' lang='grc' dir='ltr'><strong><em>ἐκώόσιις,</em></strong></span> <span class='ocrx_word' id='word_1_612' title='bbox 1411 2907 1583 2950; x_wconf 61' lang='grc' dir='ltr'><strong><em>ἀνάγνωσις</em></strong></span> <span class='ocrx_word' id='word_1_613' title='bbox 1605 2907 1652 2940; x_wconf 90' lang='lat' dir='ltr'>his</span> <span class='ocrx_word' id='word_1_614' title='bbox 1674 2907 1748 2940; x_wconf 87' lang='lat' dir='ltr'>locis</span> <span class='ocrx_word' id='word_1_615' title='bbox 1770 2918 1808 2941; x_wconf 78' lang='lat' dir='ltr'>ex</span> <span class='ocrx_word' id='word_1_616' title='bbox 1829 2913 1931 2941; x_wconf 86' lang='lat' dir='ltr'>mente</span> <span class='ocrx_word' id='word_1_617' title='bbox 1954 2909 2065 2942; x_wconf 83' lang='lat' dir='ltr'>addere</span> <span class='ocrx_word' id='word_1_618' title='bbox 2087 2919 2146 2941; x_wconf 87' lang='lat' dir='ltr'>non</span> <span class='ocrx_word' id='word_1_619' title='bbox 2167 2908 2331 2942; x_wconf 81' lang='lat' dir='ltr'>dubitabis.</span> 
     </span>
    </p>
   </div>
  </div>
 </body>
</html>
