2559 3053
1228 133 1275 173 12

1122 181 1371 196 swam

255 258 328 297 Sed
364 258 484 298 altera
518 271 663 309 quoque
702 259 801 297 vocis
834 260 889 297 vis
918 259 1079 297 occurrit
1111 259 1211 309 apud
1246 259 1404 298 eundem
1430 258 1684 298 Herodianum
1712 272 1745 298 e.
1760 271 1795 308 g.
1827 264 1867 299 A
1887 260 1961 298 277
1990 259 2235 311 Ἀρίσταρχος
2265 259 2363 299 «ἔπο-

132 323 331 370 (salvetat,
364 323 412 365 ὠς
445 320 546 359 navo?
578 320 648 370 τήν
673 320 875 370 Ὁμηρικῆν
906 318 1115 368 συνήθειαν
1148 320 1192 359 τὸ
1223 322 1324 370 ῥῆμα
1357 318 1458 357 atavo?
1488 319 1556 359 τὸν
1586 320 1772 358 ἐνεστῶτα
1806 319 1887 357 οἷπὸ
1918 320 1986 358 τοῦ
2011 320 2044 358 ἶ
2070 321 2246 370 ἄρχεται,
2284 323 2310 360 i.
2329 334 2362 360 0.

131 383 333 420 secundum
363 382 519 421 Homeri
554 383 688 421 dicendi
717 382 889 420 rationem
917 382 1070 420 verbum
1096 383 1228 431 incipit
1255 385 1343 429 etc.;
1382 381 1502 419 simm.
1530 386 1567 420 Β
1585 381 1662 420 585
1689 383 1727 419 et
1752 384 1785 419 Ω
1804 380 1883 418 318
1914 380 2026 431 παροὶ
2056 380 2125 433 τῆν
2155 381 2365 433 anubem»-

131 440 200 479 τοῦ
224 445 401 493 ποιητοῦ,
440 445 465 482 1.
496 457 527 482 0.
564 447 694 482 contra
727 446 862 494 poetae
906 444 1211 481 consuetudinem
1249 446 1360 492 atque
1399 454 1515 480 usum.
1580 441 1650 479 His
1683 442 1797 490 igitur
1829 441 1983 480 scholiis
2024 444 2230 491 συνηθείας
2262 442 2363 480 notio

132 504 276 540 recedit
312 505 359 541 ab
393 506 479 551 illa,
520 517 629 554 quam
663 506 773 542 modo
808 505 1093 553 explicavimus,
1127 508 1165 542 et
1197 516 1275 541 rem
1308 504 1419 541 habet
1455 515 1537 540 cum
1572 501 1732 552 χρήσεως
1767 503 1868 540 vocis
1900 503 1956 547 vi,
1995 503 2064 541 sed
2099 503 2211 541 aliam
2250 507 2362 553 atque

135 563 190 603 La
215 563 373 604 Rochius
401 567 426 604 l.
447 579 477 605 c.
507 568 697 617 exposuit:
745 566 1009 605 vocabulorum
1041 568 1212 604 neutrum
1245 567 1302 604 est
1351 562 1432 609 „hie
1464 561 1691 603 trabitionette
1723 561 2000 613 &mibmeiieffi
2047 567 2247 616 utrumque
2283 576 2363 604 esse

132 629 258 675 potest
286 626 440 666 Homeri
477 629 625 667 dicendi
658 629 768 666 ratio.
823 628 924 672 Quae
959 640 1041 665 cum
1073 628 1127 665 ita
1160 628 1252 673 sint,
1288 630 1329 663 ut
1355 625 1541 676 συνήθεια
1572 637 1646 663 vox
1680 625 1780 675 apud
1809 618 2063 664 Herodianum
2101 626 2283 665 collocata
2314 627 2367 664 sit

132 691 196 725 aut
227 700 295 737 pro
333 702 503 729 sermone
536 692 683 739 vulgari
723 694 788 728 aut
825 702 894 739 pro
930 689 1082 727 Homeri
1121 690 1269 728 dicendi
1302 689 1464 735 ratione,
1505 688 1552 726 ab
1588 687 1803 726 Herodiano
1846 699 1991 738 quoque
2025 688 2242 737 abroganda
2282 700 2364 728 esse

131 749 304 788 videntur
332 751 422 790 haec
449 752 581 791 scholii
609 759 648 792 A
670 753 742 790 441
773 752 901 790 verba:
934 749 960 789 οἳ
987 751 1086 798 δείλ’]
1120 752 1201 789 ἐπεὶ
1225 748 1321 799 μετα
1346 747 1416 794 τοίς
1440 748 1785 798 προσαγορευτικοὶς
1816 747 1961 800 ἀνάγκη
1993 750 2150 799 στίζειν,
2183 749 2231 795 ὥς
2254 754 2319 787 καὶ
2343 749 2365 800 ἡ

132 810 319 859 συνήθεια
345 823 530 861 μαρτυρεῖ
554 813 734 856 στίζουσα
767 814 863 862 μετά
895 812 964 862 τήν
994 814 1176 860 δευτέραν
1206 811 1317 853 λέξιν.
1393 810 1583 848 Lehrsius:
1627 809 1834 848 Herodiani
1872 811 1947 849 tria
1978 812 2120 862 scripta
2153 825 2191 862 p.
2216 813 2291 850 266
2328 816 2366 850 et

132 870 323 910 Lentzius:
362 873 567 913 Herodiani
596 876 778 925 reliqiuae
806 875 850 922 ΙΙ,
875 875 923 912 76
950 876 1068 911 totum
1095 872 1274 911 scholium
1305 871 1517 911 Herodiano
1545 872 1811 921 ascripserunt.
1859 871 2010 911 Necnon
2036 872 2362 913 Friedlaenderus:

130 931 324 971 Nicanoris
361 935 541 985 reliquiae
578 949 613 986 p.
643 938 690 973 37
739 936 930 974 Lehrsium
967 936 1046 973 sine
1082 935 1193 972 dubio
1232 937 1379 971 secutus
1414 933 1589 971 Nicanori
1634 933 1729 970 hunc
1766 933 1888 971 locum
1923 934 2162 973 abiudicavit.
2227 935 2365 974 Verum

130 994 269 1032 vidisse
304 997 476 1034 existimo
506 997 759 1035 Ludwichium
779 998 806 1043 Ι,
835 1000 922 1040 331,
959 998 1021 1046 qui
1054 1000 1201 1045 partem
1236 996 1368 1033 scholii
1401 998 1531 1032 nostra
1563 995 1679 1032 verba
1713 999 1930 1043 sequentem
1965 1008 1985 1034 e
2010 996 2162 1045 Didymi
2193 997 2364 1036 ubertate

131 1066 301 1093 manasse
336 1056 427 1094 dicit
463 1060 573 1107 atque
609 1059 749 1107 pergit:
787 1064 855 1096 ‹111ss
883 1057 1037 1096 fflifunnt
1064 1057 1132 1095 unb
1159 1055 1338 1106 berobian
1365 1056 1711 1104 guiammengeaogen.
1764 1055 1959 1094 Nicanoris
1992 1059 2078 1095 sunt
2110 1057 2226 1097 verba
2251 1070 2366 1108 supra

131 1117 370 1167 transcripta,
404 1118 612 1157 Herodiani
641 1132 734 1170 quae
752 1122 956 1169 sequuntur
976 1119 1021 1157 de
1042 1122 1207 1164 accentu,
1236 1120 1426 1168 postrema
1452 1117 1616 1166 Didymi.
1662 1116 1786 1167 Atque
1816 1117 2023 1156 affirmatur
2049 1118 2141 1157 haec
2160 1118 2365 1158 Ludwichii

132 1178 346 1216 coniectura
374 1192 456 1217 eum
475 1181 558 1218 aliis
579 1182 689 1219 rebus
709 1185 786 1219 tum
806 1182 874 1219 hoc
902 1181 965 1229 τῆς
986 1184 1191 1229 συνηθείας
1216 1181 1316 1218 vocis
1342 1192 1410 1217 usu
1437 1191 1480 1217 ac
1498 1179 1649 1216 notione
1677 1191 1701 1217 a
1722 1178 1907 1217 Nicanore
1934 1192 2053 1230 neque
2081 1181 2126 1219 ab
2149 1180 2364 1221 Herodiano

132 1239 232 1277 trita.
268 1261 315 1266 —-
352 1241 465 1291 Apud
493 1242 749 1281 Herodianum
778 1244 891 1292 igitur
918 1246 956 1281 et
984 1243 1085 1293 apud
1111 1242 1363 1279 Aristonicum
1390 1238 1649 1290 συνήθεια
1688 1251 1762 1277 vox
1789 1241 1962 1279 sermonis
1988 1242 2138 1290 vulgaris
2164 1243 2364 1291 notionem,

133 1302 234 1351 apud
262 1302 517 1343 Herodianum
544 1309 743 1355 praeterea
770 1306 905 1344 Homeri
935 1305 1068 1343 dicendi
1097 1304 1243 1343 rationis
1270 1304 1344 1342 vim
1371 1302 1622 1353 amplectitur.

258 1364 384 1402 Tertia
420 1367 590 1404 vocabuli
628 1368 730 1404 notio
763 1367 880 1404 textus
915 1367 1064 1414 vulgaris
1100 1366 1199 1415 apud
1231 1365 1453 1402 Nicanorem
1492 1364 1611 1401 solum
1642 1364 1839 1401 invenitur.
1872 1384 1921 1390 —-
1958 1363 2151 1403 Nicanoris
2183 1366 2256 1404 loci
2289 1367 2365 1404 rari

131 1437 205 1462 non
239 1429 339 1462 sunt:
383 1430 423 1462 A
452 1428 524 1464 106
560 1426 582 1477 ἡ
607 1427 791 1477 συνήθεια
828 1427 925 1476 μετοέ
959 1426 1002 1466 τό
1028 1428 1153 1464 κακῶν
1184 1425 1318 1473 στι’ζει,·
1362 1427 1481 1463 simm.
1511 1427 1542 1461 Ο
1565 1425 1640 1462 437
1673 1426 1714 1460 Ψ
1739 1425 1826 1470 330,
1846 1425 1934 1462 336.
2002 1425 2083 1464 Nic.
2111 1430 2148 1463 B
2167 1428 2240 1465 681
2276 1427 2297 1476 ἡ
2324 1427 2365 1465 δὲ

132 1485 320 1535 συνήθεια
350 1487 600 1526 συνάπτουσα
632 1487 680 1525 τά
707 1490 867 1526 τοιαῦτα
875 1503 890 1536 ,·
930 1490 1049 1527 simm.
1079 1491 1115 1525 N
1133 1489 1207 1526 623
1236 1491 1268 1524 Ο
1288 1488 1363 1525 346
1391 1487 1496 1524 1146
1524 1487 1560 1522 Φ
1580 1486 1656 1523 370
1685 1487 1727 1522 Ψ
1741 1485 1828 1523 648.
1892 1489 1942 1524 M
1957 1487 2032 1525 236
2071 1486 2093 1538 ἦ
2118 1486 2246 1538 πρώτη
2271 1487 2367 1533 λέξις

132 1545 208 1583 ὑπὸ
240 1547 305 1596 τῆς
336 1552 542 1596 συνηθείας
574 1558 651 1592 τοῖς
686 1549 766 1586 ἅνω
800 1551 1071 1597 προσδίδοται,
1107 1551 1226 1587 simm.
1256 1553 1295 1585 II
1321 1549 1407 1585 306.
1468 1548 1640 1597 Oppositi
1667 1550 1791 1585 autem
1817 1550 1903 1585 sunt
1935 1548 1980 1601 τῇ
2006 1550 2191 1596 συνηθείᾳ
2217 1547 2364 1595 ,,τινὲς“

132 1610 154 1641 1
171 1609 219 1643 57
249 1607 358 1656 ἡμὲν
377 1608 562 1657 συνήθεια
583 1610 694 1650 στίζει
716 1638 724 1646 .
806 1611 885 1645 ἐπεὶ
904 1611 946 1646 δέ
964 1624 1079 1656 τινες,
1109 1612 1242 1648 deinde
1277 1608 1319 1657 „ci
1336 1608 1480 1654 λόγος“,
1507 1609 1532 1645 i.
1549 1621 1580 1645 e.
1609 1608 1681 1644 loci
1708 1620 1837 1645 sensus
1866 1620 1910 1645 ac
1928 1608 2024 1645 ratio
2051 1613 2091 1646 A
2112 1608 2186 1647 186
2214 1605 2234 1643 ὁ
2260 1605 2366 1652 λόγος

133 1665 233 1716 αἱρεῖ
254 1667 394 1712 στίζειν
422 1669 543 1717 τελείᾳ
570 1671 631 1708 ἐπὶ
659 1669 701 1708 vd
727 1678 858 1719 ταχεῖα
987 1669 1068 1720 ἡδὲ
1094 1670 1279 1720 συνήθεια
1306 1675 1370 1708 καὶ
1396 1667 1445 1707 τοὶ
1470 1667 1629 1707 τοιαῦτα
1656 1666 1854 1717 συνάπτει,
1881 1669 1999 1709 81111111.
2029 1670 2061 1706 Ο
2082 1668 2154 1708 158
2163 1683 2172 1714 ;
2207 1667 2365 1718 denique

137 1730 276 1779 „ipsius
303 1730 498 1768 Nicanoris
523 1732 730 1768 sententia“
772 1736 809 1767 N
829 1734 903 1768 623
942 1731 963 1782 ἦ
988 1736 1058 1780 μὲν
1084 1731 1270 1780 συνήθεια
1296 1729 1417 1767 πάλιν
1448 1728 1632 1766 συνάπτει
1664 1733 1732 1773 ἔως
1756 1729 1823 1767 τοῦ
1855 1729 1979 1773 κύνες·
2011 1729 2173 1766 δύναται
2209 1729 2250 1766 δὲ
2274 1730 2367 1766 καθ’

131 1789 247 1829 ἑαυτὸ
278 1791 456 1837 λέγεσθαι
490 1790 611 1839 μόνον
640 1793 682 1830 τὸ
709 1799 821 1830 κακαὶ
847 1792 962 1836 κίϊες.
1017 1792 1171 1841 Saepius
1199 1791 1262 1837 τῆς
1289 1793 1493 1840 συνηθείας
1526 1789 1715 1829 distinctio
1741 1790 1917 1830 Nicanori
1943 1791 2144 1842 probatur,
2179 1793 2290 1841 atque
2319 1790 2365 1829 ab

132 1863 175 1890 eo
202 1852 323 1890 causis
353 1854 538 1902 congestis
565 1853 764 1899 stabilitur,
799 1865 830 1890 e.
848 1866 882 1901 g.
904 1856 943 1889 A
965 1854 1052 1900 106,
1085 1853 1234 1903 saepius
1261 1863 1349 1890 vero
1373 1852 1589 1889 mendosam
1613 1851 1951 1902 interpunctionem
1979 1853 2057 1891 eius
2083 1864 2163 1891 esse
2190 1852 2365 1898 ostendit,

131 1915 194 1952 ubi
221 1913 329 1960 λόγος
358 1915 643 1964 (Friedlaender
671 1928 707 1964 p.
729 1917 795 1952 27:
837 1915 949 1964 ratio)
995 1919 1058 1953 aut
1085 1916 1200 1964 ipsius
1229 1915 1429 1953 aliorumve
1457 1915 1589 1952 melior
1616 1915 1787 1953 doctrina
1813 1918 2015 1964 repugnat,
2051 1928 2083 1953 e.
2104 1927 2140 1963 g.
2168 1918 2208 1951 A
2228 1915 2302 1952 186
2330 1917 2368 1953 et

131 1979 169 2012 N
196 1976 283 2013 623.
346 1975 425 2020 Qua
457 1977 496 2012 in
529 1976 724 2013 Nicanoris
759 1977 903 2013 ratione
940 1977 977 2013 in
1012 1980 1142 2025 aperto
1178 1978 1234 2013 est
1267 1973 1559 2024 συνήθειαν
1596 1975 1641 2013 ab
1677 1986 1719 2013 eo
1753 1976 1956 2023 significari
1997 1988 2078 2014 eam
2112 1975 2367 2013 distinctionem

132 2037 236 2085 atque
258 2038 363 2075 talem
389 2038 575 2075 carminum
602 2037 751 2083 textum,
782 2050 890 2087 quem
919 2038 1066 2075 omnium
1100 2037 1256 2074 manibus
1279 2036 1393 2074 tritum
1420 2036 1676 2086 deprehendit.
1731 2035 1842 2075 Cuius
1871 2037 2017 2085 generis
2045 2039 2188 2076 textum
2216 2037 2366 2088 eiusque

132 2099 312 2136 lectiones
340 2110 413 2135 non
440 2100 567 2147 inepte
595 2099 651 2136 La
669 2098 828 2136 Rochius
857 2099 1144 2146 cognominavit:
1182 2097 1234 2135 bie
1262 2096 1509 2145 unhegriinbete
1536 2096 1789 2146 &ebreibmeifm
1818 2111 1926 2147 quam
1953 2100 2027 2136 vim
2054 2102 2179 2137 tamen
2205 2097 2367 2147 χρήσεως

131 2160 212 2198 voci
249 2161 363 2199 tribui
401 2173 474 2198 non
508 2173 617 2210 posse
655 2161 728 2198 iam
763 2172 876 2210 supra
905 2158 1193 2210 exposuimus.¹)
1251 2159 1308 2197 Ab
1344 2158 1414 2197 hac
1437 2170 1536 2204 ,vero
1574 2159 1744 2199 vocabuli
1780 2160 1930 2199 notione
1965 2172 2118 2210 prorsus
2153 2160 2284 2199 aliena
2310 2162 2367 2199 est

130 2222 267 2260 locutio
294 2223 361 2260 illa
380 2223 510 2260 scholii
539 2237 562 2258 α
586 2224 662 2259 275
694 2221 874 2269 ἦοῖρχαιά
895 2220 1097 2270 συνήθεια,
1126 2222 1152 2259 i.
1171 2234 1202 2260 e.
1230 2225 1333 2259 vetus
1360 2221 1549 2259 scribendi
1576 2222 1672 2259 ratio
1701 2225 1787 2260 ante
1815 2221 2008 2260 Euclidem
2034 2223 2191 2267 usitata;
2227 2222 2273 2260 de
2297 2221 2367 2260 hac

130 2285 215 2322 vide
243 2285 342 2322 infra
369 2297 398 2322 s.
419 2298 451 2321 v.
482 2283 704 2330 α’νάγνωσις.

256 2345 344 2382 Cum
373 2344 534 2394 χρήσεως
561 2357 649 2383 voce
679 2350 717 2382 ut
746 2346 934 2383 conferret
961 2343 1181 2393 συνήθειαν,
1217 2345 1272 2382 La
1295 2345 1455 2383 Rochius
1483 2345 1665 2383 adductus
1694 2347 1750 2383 est
1777 2345 1824 2383 iis
1852 2345 1957 2393 locis,
1986 2346 2117 2396 quibus
2146 2343 2368 2395 σύνηθες

131 2407 407 2444 adiectivum
449 2407 666 2456 reperimus.
748 2408 871 2456 Atque
909 2408 1040 2445 eadem
1080 2407 1245 2454 ratione,
1281 2419 1354 2456 qua
1387 2407 1619 2445 substantivo
1658 2407 1799 2445 duobus
1831 2410 1976 2445 tantum
2008 2407 2161 2446 scholiis
2204 2406 2367 2445 Nicanor

130 2466 184 2504 τό
222 2466 457 2516 συ’νηθες
494 2468 679 2506 locutione
715 2469 848 2506 utitur:
897 2471 945 2505 M
969 2469 1042 2506 145
1077 2468 1226 2515 βέλτιον
1259 2465 1359 2504 κατοὶ
1398 2467 1441 2506 τό
1473 2466 1634 2518 σύνηθες
1667 2468 1729 2504 ἐπὶ
1769 2467 1813 2505 τό
1846 2466 2006 2509 α’ΐξαντε
2041 2469 2291 2518 διαστέλλειν,
2330 2471 2368 2508 01

138 2530 256 2567 simm.
288 2533 318 2565 O
340 2531 403 2567 97.
449 2529 584 2568 Cetera
608 2543 695 2568 vero
715 2531 869 2568 aliorum
898 2533 984 2568 sunt
1002 2530 1143 2568 scholia
1170 2531 1355 2580 aliumque
1384 2530 1559 2568 exhibent
1585 2530 1679 2568 veri
1707 2530 1923 2569 adiectivi
1951 2528 2179 2580 συνήθης
2206 2541 2366 2577 sensum,

131 2603 240 2642 quem
269 2603 349 2629 cum
378 2590 539 2641 χρήσεως
580 2595 845 2641 congruentem
883 2604 963 2631 esse
997 2592 1175 2630 facillime
1210 2592 1446 2643 perspicitur.
1508 2591 1658 2642 Didymi
1686 2592 1784 2630 enim
1813 2592 1904 2630 haec
1931 2595 2017 2630 sunt
2043 2592 2199 2630 scholia:
2236 2594 2273 2628 K
2290 2592 2366 2629 349

132 2653 289 2691 offendit
325 2656 587 2702 grammaticus
629 2656 668 2692 in
703 2656 826 2693 verbis
862 2655 911 2698 ὣς
948 2654 1026 2702 ἄρα
1059 2654 1299 2704 ᾳωνῇσαντε,
1342 2655 1429 2703 quia
1466 2667 1617 2692 numero
1656 2655 1772 2692 utitur
1810 2655 1912 2693 duali
1949 2655 2138 2704 participii
2172 2653 2367 2701 Homerus,

137 2728 361 2766 quamquam
401 2716 528 2755 Ulixes
570 2716 670 2755 solus
713 2717 856 2756 locutus
898 2719 973 2762 est;
1024 2720 1148 2756 tamen
1189 2716 1386 2756 lectionem
1424 2715 1660 2755 vehementer
1691 2716 1842 2766 probat:
1891 2714 2052 2766 σύνηθες
2082 2714 2153 2766 γάρ
2188 2713 2293 2768 αὐτῷ
2324 2715 2368 2756 τὰ

323 2818 344 2857 ¹)
374 2819 401 2850 A
424 2818 622 2858 παραδόσεως
642 2818 790 2850 vocabulo
813 2817 959 2856 συνήθεια
987 2818 1135 2857 discedit,
1167 2819 1247 2858 quod
1274 2818 1330 2851 illa
1352 2827 1473 2859 semper
1496 2817 1610 2850 nititur
1638 2820 1695 2850 aut
1716 2816 1893 2850 auctoribus
1920 2820 1977 2850 aut
1997 2816 2100 2850 causis
2125 2816 2367 2858 rationibusque,

129 2870 207 2901 haec
228 2879 392 2910 nusquam,
416 2870 477 2902 uisi
499 2870 565 2910 ipse
590 2870 726 2902 Nicanor
747 2871 869 2901 demum
892 2870 986 2901 addit.
