2559 3053
1220 113 1244 149 4

1113 164 1122 169 x
1131 164 1205 171 -νκχκ
1222 167 1225 169 μ
1247 164 1360 172 rxsxm

116 237 227 285 atque
254 236 410 286 propria
436 237 542 275 verbi
560 236 782 284 significatio
811 240 884 274 est:
922 237 1089 274 orationis
1117 237 1236 284 partes
1264 247 1307 275 ex
1326 237 1427 276 iustis
1453 238 1702 286 grammaticae
1729 239 1864 288 leuibus
1891 240 1989 280 reete
2016 241 2104 281 inter
2130 251 2173 281 80
2200 241 2346 287 reterre,

116 310 163 335 ne
182 310 384 347 perperam
414 300 697 346 coniungantur.
751 297 913 342 Quarum
941 300 1102 348 partium
1130 300 1420 337 necessitudines
1446 303 1489 337 ut
1507 300 1719 348 legentibus
1745 301 1968 340 manifestae
1995 303 2099 351 fiant,
2127 306 2209 342 arte
2235 304 2354 341 inter·

117 360 308 408 pungendi
342 361 491 397 utimur.
558 360 687 410 Itaque
720 361 759 397 in
788 360 984 397 Nicanoris
1017 361 1250 410 potissimum
1281 372 1349 399 usu
1384 361 1571 410 διορθοῦν
1602 361 1822 400 vocabulum
1855 362 2182 413 deprehendimus,
2221 366 2263 403 ut
2294 363 2353 403 vel

117 423 316 460 verborum
349 424 640 473 interpungendi
678 423 819 460 vicibus
856 423 957 472 apud
990 436 1071 461 eum
1106 424 1293 472 fungatur.
1348 424 1573 462 Leidenroth
1607 424 1820 473 respexisse
1854 425 1893 462 id
1920 426 2084 473 videtur,
2121 438 2202 464 cum
2229 427 2354 476 paullo

118 484 220 520 infra
247 485 448 521 adiecerit:
490 484 690 521 emendare
718 484 1030 533 interpunctione.

307 545 528 595 Principalis
556 546 657 583 vocis
684 546 787 582 notio
815 546 976 584 maxime
1004 548 1205 596 perspicua
1232 548 1353 586 elucet
1380 561 1426 587 ex
1452 547 1531 586 Nic.
1559 551 1594 584 Y
1613 548 1706 586 288:

726 606 828 644 ἔνθα
856 619 919 644 κεν
945 609 1102 651 Αἰνείας
1126 610 1198 655 μὲν
1223 607 1479 657 ἐπεσσύμενον
1503 607 1596 658 βάλε
1620 612 1745 659 πέτρῳ

721 665 743 716 ἢ
771 665 915 715 κόρυθ’,
944 665 982 716 ἠὲ
1009 665 1135 715 σάκος,
1163 667 1207 707 τό
1231 667 1266 706 οἷ
1290 667 1418 719 ἤρκεσε
1441 667 1579 719 λυγρόν
1605 668 1779 719 ὄλεθρον,

720 726 789 763 τόν
816 727 857 763 δέ
881 741 919 764 κε
944 727 1126 775 Πηλείδης
1153 727 1289 776 σχεδόν
1315 728 1402 778 ἄορι
1428 728 1557 778 θυμὸν
1584 728 1750 779 α’πηὺρα,

721 791 754 824 εἰ
777 785 829 836 μή
857 785 918 836 ἄρ’
944 785 1009 828 6ξύ
1036 786 1147 837 νόησε
1173 788 1399 828 Ποσειδάων
1422 791 1660 840 ἕνοσίχθων.]

121 856 254 893 πάντα
281 856 436 905 ἤρτηται
463 860 530 900 ἕως
556 858 623 895 τοῦ
649 861 685 894 εἰ
709 856 764 906 μή
792 857 858 905 ἄρ’
884 857 960 898 6ξύ
987 858 1126 908 νόησε.
1180 860 1414 907 διορθωτέον
1440 859 1510 898 οὖν
1535 861 1636 899 αὐτοὶ
1663 861 1712 906 οἷς
1736 862 1777 899 ἐν
1802 859 1850 914 τῇ
1875 864 1911 897 Β
1928 861 2046 908 (261)
2073 865 2111 898 εἰ
2133 860 2190 911 μή
2215 861 2294 909 ἐγώ
2319 875 2360 900 σε

122 915 282 964 λαβών.
328 917 444 956 Unam
466 919 563 957 effici
582 919 807 957 sententiam
826 919 948 957 verbis
968 920 1067 957 ἔνθα
1090 935 1153 958 κεν
1180 933 1293 970 usque
1314 921 1361 959 ad
1381 923 1594 969 ἐνοσίχθων
1620 921 1782 960 Nicanor
1806 923 1908 967 dicit,
1936 935 1982 960 ne
2001 923 2082 971 quis
2101 926 2185 971 post
2205 921 2359 971 ἀπηύρα

123 978 425 1027 distinguendum
454 992 534 1019 esse
564 982 748 1030 opinetur.
792 980 916 1018 Verba
943 981 1056 1028 igitur
1083 986 1115 1018 ει·
1138 980 1280 1030 μήζᾶρ)
1303 983 1370 1019 κτλ
1424 983 1733 1032 praecedentibus
1762 984 2013 1022 continuanda
2039 987 2138 1028 sunt,
2165 986 2207 1021 ut
2226 985 2263 1019 B
2280 985 2359 1021 261

123 1042 155 1076 εί
176 1038 227 1089 μή
251 1039 321 1086 ἐγώ
343 1052 385 1078 σε
409 1041 551 1089 λαβών.
606 1042 795 1086 Quomodo
824 1042 915 1080 haec
942 1043 1062 1080 relata
1090 1046 1127 1079 et
1146 1043 1445 1081 distinctionibus
1474 1050 1656 1083 exornata
1682 1048 1779 1091 sunt,
1807 1045 1861 1083 ita
1885 1045 1952 1083 illa
1979 1048 2087 1083 erunt
2113 1044 2299 1092 digerenda
2324 1044 2360 1081 et

125 1101 378 1149 distinguenda.
416 1125 464 1130 -
504 1102 629 1142 Genus
664 1104 913 1141 distinctionis
946 1104 1096 1141 additur
1122 1103 1202 1141 Nic.
1230 1109 1268 1141 N
1287 1104 1360 1141 787
1396 1103 1512 1148 οὕτως
1538 1103 1608 1143 οὖν
1634 1106 1868 1153 διορθωτέον
1901 1105 2083 1159 διαστολῇ
2106 1105 2341 1154 ἑκατέρωθεν
2348 1119 2363 1152 ,-

123 1163 148 1200 i.
168 1176 199 1202 e.
229 1164 433 1215 διαστολῆς
458 1166 605 1214 signum
631 1166 845 1217 ponendum
883 1169 939 1205 est
966 1179 1013 1204 ex
1041 1169 1196 1216 utraque
1224 1169 1344 1215 parte.
1399 1165 1623 1215 Saepissime
1653 1167 1769 1214 enim,
1805 1171 1846 1206 ut
1873 1171 1999 1206 nostro
2027 1167 2128 1213 loco,
2165 1166 2289 1215 agitur
2316 1166 2362 1204 de

126 1227 250 1265 verbis
278 1239 346 1277 per
363 1240 403 1265 se
427 1228 608 1277 legendis,
637 1240 730 1278 quae
752 1239 870 1277 neque
892 1228 939 1266 ab
959 1228 1263 1266 antecedentibus
1291 1240 1410 1277 neque
1435 1240 1458 1266 a
1475 1228 1785 1279 subsequentibus
1812 1230 1995 1280 pendent,
2023 1241 2055 1267 e.
2071 1240 2106 1277 g.
2124 1226 2207 1266 Nic.
2226 1230 2261 1265 Z
2282 1229 2363 1264 242

126 1286 170 1324 τὸ
195 1288 276 1337 ἑξῆς
309 1288 403 1325 ἄλλ’
434 1289 504 1326 ὅτε
536 1289 587 1338 δὴ
617 1288 846 1336 Πριάμοιο
878 1311 926 1316 -
957 1294 1127 1337 ἵκανεν,
1160 1291 1274 1325 ἔνθα
1308 1289 1349 1326 οἱ
1374 1287 1627 1338 ἠπιόδωρος
1656 1290 1840 1340 ἐναντίη
1871 1290 2009 1340 ἤλυθε
2039 1289 2176 1339 μήτηρ
2209 1302 2241 1327 υ.
2263 1291 2363 1326 251;

126 1348 176 1388 τοὶ
203 1349 244 1386 δὲ
272 1348 392 1387 loma*
425 1349 472 1394 ὦς
501 1348 927 1398 διοὶῖμέσουξλεγόμενα
960 1350 1205 1398 διορθωτέον.
1258 1349 1397 1388 Versus
1430 1349 1545 1399 igitur
1579 1350 1788 1391 243-250
1825 1351 1931 1402 quasi
1963 1350 2086 1390 medio
2123 1350 2363 1400 interpositos

127 1416 239 1461 atque
258 1413 312 1449 ita
332 1412 614 1459 distinguendos
638 1423 717 1448 esse
738 1412 946 1454 contendit;
981 1412 1099 1448 simm.
1130 1418 1165 1449 N
1184 1415 1237 1449 66
1263 1415 1295 1448 Σ
1315 1414 1398 1448 364
1423 1413 1459 1447 Φ
1481 1413 1542 1456 49,
1559 1413 1640 1449 299
1665 1415 1697 1448 O
1717 1416 1807 1449 431.
1835 1412 2036 1451 Praeterea
2052 1413 2231 1450 memoria
2250 1412 2363 1460 digna

128 1478 176 1513 M
195 1478 219 1512 6
238 1477 275 1512 et
295 1476 387 1520 326,
417 1473 480 1511 ubi
506 1473 604 1511 iusto
633 1472 828 1511 verborum
859 1473 988 1510 ordine
1017 1474 1210 1522 proposito
1238 1473 1377 1523 pergit:
1417 1470 1533 1516 οὕτως
1557 1470 1628 1510 οὖν
1653 1472 1906 1522 διορθωτέον,
1950 1475 2070 1513 simm.
2100 1480 2138 1513 N
2165 1477 2255 1523 160,
2274 1476 2364 1511 427.

128 1536 296 1586 Denique
324 1535 592 1583 κατορθοῦν
620 1535 721 1585 apud
748 1535 905 1573 eundem
931 1534 1154 1574 Nicanorem
1184 1536 1282 1574 illius
1311 1535 1414 1574 verbi
1440 1534 1522 1573 loco
1551 1533 1770 1573 collocatum
1799 1538 1836 1572 B
1860 1539 1952 1585 204,
1975 1539 2065 1575 681.

317 1597 433 1641 Quem
462 1598 566 1635 verbi
600 1609 707 1634 usum
735 1610 778 1634 ac
799 1598 987 1634 notionem
1015 1598 1047 1634 si
1074 1599 1254 1635 memoria
1281 1598 1519 1643 tenuerimus,
1547 1597 1699 1635 minime
1721 1598 1949 1647 mirabimur,
1979 1600 2076 1650 quod
2096 1599 2367 1637 substantivum

131 1659 384 1709 διόρθωσις
420 1672 565 1710 quoque
600 1660 765 1709 ipsorum
800 1659 1120 1708 interpunctorum
1154 1660 1275 1698 locum
1312 1659 1466 1697 obtinet.
1528 1656 1608 1696 Nic.
1636 1664 1676 1698 A
1697 1663 1778 1698 580
1812 1658 1854 1697 αἶ
1881 1659 2104 1708 διορθώσεις
2128 1660 2205 1699 τῶν
2231 1663 2367 1708 στίχων

130 1719 274 1759 τούτων
305 1720 506 1770 διάφοροί,
542 1733 594 1760 sc.
622 1725 727 1759 εἰσιν.
789 1721 963 1771 Sequitur
996 1722 1072 1760 iam
1105 1722 1309 1772 disputatio
1343 1721 1389 1759 de
1424 1720 1541 1769 signis
1575 1720 1727 1770 στιγμῆς
1761 1724 1798 1760 et
1831 1720 2080 1769 ὑποστιγμῆς.
2114 1732 2296 1771 quaenam
2330 1723 2368 1759 et

132 1784 353 1832 quibusnam
382 1785 473 1822 locis
502 1784 650 1831 singula
678 1784 918 1833 appingenda
943 1784 1031 1820 sint.
1091 1784 1323 1831 Διορθώσεις
1349 1794 1436 1821 vero
1464 1785 1592 1819 nostro
1620 1782 1701 1820 loco
1730 1796 1770 1820 re
1794 1795 1883 1821 vera
1911 1784 1988 1830 ipsa
2014 1783 2241 1830 distinguendi
2268 1783 2369 1829 signa

133 1857 215 1884 esse
256 1858 376 1895 neque
415 1845 637 1884 relationem
671 1845 774 1884 illam
815 1845 1061 1894 syntacticam
1102 1845 1342 1893 grammatico
1381 1844 1635 1892 indagandam
1664 1857 1711 1883 ex
1737 1845 1819 1894 ipso
1846 1857 1997 1883 numero
2025 1844 2162 1895 plurali
2189 1844 2367 1882 facillime

132 1907 375 1954 intellegitur.
431 1907 573 1944 Eodem
600 1910 746 1956 spectat
773 1908 805 1942 A
832 1909 884 1942 43
912 1905 1004 1942 ἑκών
1024 1905 1174 1942 ἀέκοντί
1199 1919 1235 1951 γε
1254 1906 1382 1954 θυμῷ]
1407 1903 1451 1942 τό
1475 1903 1614 1942 δοκοῦν
1640 1904 1900 1954 οἷπεμφαίνειν
1925 1907 1966 1943 ἐν
1984 1905 2038 1954 τῷ
2055 1908 2167 1955 στίχῳ
2188 1904 2369 1953 οὐδεμίαν

132 1969 204 2015 ἔχει
233 1967 446 2015 διόρθωσιν
472 1969 511 2005 ἐκ
536 1965 742 2016 διαστολῆς
749 1982 763 2014 ,·
804 1968 829 2004 i.
848 1980 880 2005 e.
910 1979 1004 2016 quae
1032 1967 1130 2003 inter
1157 1978 1195 2002 se
1225 1978 1433 2015 repugnare
1468 1966 1642 2004 videntur
1668 1977 1796 2003 versus
1823 1966 1955 2013 verba,
1984 1966 2131 2004 etiamsi
2157 1966 2273 2003 fusius
2305 1977 2369 2002 ex-

133 2029 309 2078 plicueris
343 2040 542 2079 eorumque
571 2028 862 2079 discrepantiam
891 2028 1155 2073 enucleaveris,
1184 2030 1307 2066 tamen
1334 2028 1450 2076 signis
1475 2039 1549 2066 non
1575 2027 1810 2076 dirimuntur,
1839 2028 2003 2079 quamvis
2031 2027 2264 2079 postulentur
2286 2039 2369 2066 ver-

133 2093 264 2128 borum
292 2092 564 2140 discrepantia;
603 2092 722 2127 simm.
745 2094 781 2125 B
801 2095 882 2127 527
906 2093 926 2125 1
944 2094 1007 2126 57.

323 2153 396 2192 Sed
423 2152 514 2191 locis
542 2152 627 2191 aliis
656 2152 732 2191 alia
758 2153 814 2190 vis
842 2150 1081 2199 διορθώσεως
1106 2151 1284 2189 vocabulo
1312 2151 1359 2189 ab
1382 2151 1513 2189 eodem
1539 2149 1722 2189 Nicanore
1752 2150 1977 2189 attribuitur.
2031 2150 2132 2196 Quae
2161 2152 2214 2189 vis
2243 2164 2371 2201 quam-

138 2227 248 2263 quam
276 2216 392 2252 multo
421 2215 598 2252 aberrare
627 2216 775 2252 videtur
804 2226 826 2251 a
846 2213 1098 2259 distinguendi
1126 2213 1291 2257 notione,
1320 2216 1445 2250 tamen
1471 2213 1555 2262 ipsa
1573 2223 1717 2261 quoque
1745 2223 1793 2249 ex
1814 2212 1881 2250 illa
1900 2212 2101 2262 principali
2127 2213 2227 2250 vocis
2255 2213 2371 2260 signi-

137 2277 331 2324 ficatione,
372 2289 483 2327 quam
517 2276 782 2326 disputationis
822 2275 938 2312 fronti
969 2275 1227 2324 praefiximus,
1262 2273 1381 2312 fluxit.
1444 2274 1511 2313 Est
1545 2277 1668 2312 autem
1700 2285 1814 2312 novus
1849 2274 1909 2312 hic
1943 2275 2042 2312 vocis
2075 2286 2221 2312 sensus:
2267 2274 2370 2312 editio

139 2339 273 2383 critica,
303 2339 478 2376 recensio.
518 2358 567 2363 —-
602 2337 636 2375 Is
666 2337 849 2386 quomodo
878 2336 980 2372 illinc
1008 2336 1139 2372 deduci
1169 2336 1344 2383 potuerit,
1379 2336 1517 2385 optime
1546 2336 1720 2373 docemur
1747 2335 1869 2373 verbis
1895 2335 1990 2381 illis,
2018 2346 2113 2384 quae
2140 2334 2369 2383 singulorum

139 2401 345 2438 carminum
376 2400 558 2438 librorum
593 2399 751 2448 pedibus
787 2396 999 2445 subscripta
1031 2396 1252 2434 invenimus:
1290 2394 1524 2444 παράκειται
1557 2424 1656 2433 ......
1689 2400 1752 2433 καὶ
1782 2394 1833 2432 τοὶ
1858 2393 2030 2443 Διδύμου
2065 2401 2151 2445 περὶ
2180 2394 2244 2443 τῆς
2272 2394 2371 2443 Ἀρι-

139 2463 337 2507 σταρχείου
365 2458 624 2506 διορθώσεως,
664 2460 687 2496 i.
705 2471 737 2496 e.
766 2459 892 2494 insunt
920 2457 1045 2503 etiam,
1083 2469 1176 2506 quae
1204 2457 1384 2506 Didymus
1411 2459 1613 2495 memoriae
1642 2458 1799 2495 tradidit
1826 2458 1872 2495 de
1899 2457 2108 2495 Aristarchi
2134 2460 2215 2496 arte
2244 2456 2374 2494 critica

140 2525 177 2559 et
211 2521 465 2568 grammatica.
535 2520 663 2569 Neque
705 2521 803 2558 enim
842 2520 1100 2557 recensionum
1139 2520 1217 2557 eius
1252 2520 1409 2557 alteram
1447 2519 1648 2557 scholiasta
1686 2520 1795 2564 dicit,
1833 2519 1902 2557 sed
1929 2519 2039 2565 ipsam
2067 2520 2143 2557 eius
2175 2508 2373 2556 industriam

140 2581 245 2627 atque
273 2590 416 2628 operam
445 2582 715 2628 grammaticam.
789 2580 908 2625 Quid?
947 2580 992 2617 de
1020 2580 1112 2630 ipsis
1141 2579 1417 2617 recensionibus
1450 2580 1483 2617 si
1511 2580 1729 2628 cogitasset,
1767 2591 1888 2618 nonne
1922 2583 2009 2628 περὶ
2043 2577 2285 2628 διορθώσεων
2317 2577 2374 2615 di-

142 2645 299 2683 cendum
327 2644 373 2694 ssei
407 2648 513 2683 erat?
559 2645 727 2693 singulae
767 2656 853 2682 vero
893 2644 1127 2682 recensiones
1168 2655 1289 2681 nonne
1332 2643 1443 2681 aliter
1476 2642 1682 2681 afferuntur
1720 2656 1743 2682 a
1774 2643 1952 2692 Didymo:
1999 2642 2040 2678 ἐν
2067 2641 2111 2693 τῇ
2137 2640 2246 2688 ἑτέρᾳ
2279 2644 2374 2679 etc.?

143 2706 288 2743 Similia
316 2709 514 2744 occurrunt
541 2707 639 2756 apud
658 2706 894 2744 Ammonium
923 2709 958 2743 K
978 2708 1059 2743 397
1085 2710 1170 2754 περὶ
1191 2705 1258 2741 τοῦ
1287 2703 1338 2753 μή
1356 2707 1545 2752 γεγονέναι
1570 2704 1751 2748 πλείονας
1776 2702 1937 2747 ἐκδόσεις
1961 2702 2025 2751 τῆς
2051 2701 2104 2739 'A.
2126 2699 2375 2750 διορθώσεως,

146 2770 219 2807 nisi
246 2769 315 2807 hoc
344 2769 426 2807 loco
454 2769 529 2807 iam
556 2769 657 2818 ipsas
685 2768 895 2806 Aristarchi
928 2768 1163 2806 recensiones
1197 2767 1396 2804 subaudire
1432 2767 1561 2804 mavis.
1620 2765 1857 2803 Aristarchus
1894 2764 1992 2802 enim
2023 2763 2095 2801 sibi
2128 2766 2377 2812 proposuerat

142 2844 217 2870 non
243 2831 363 2870 solum
390 2833 492 2870 recte
517 2831 615 2869 inter
641 2842 680 2868 se
701 2830 924 2879 conjungere
954 2832 991 2868 et
1010 2828 1151 2867 referre
1180 2830 1313 2879 poetae
1336 2827 1462 2875 verba,
1490 2828 1557 2866 sed
1576 2827 1615 2865 in
1632 2827 1843 2865 universum
1870 2825 1919 2863 ad
1937 2825 2122 2874 integrum
2140 2823 2310 2874 redigere
2339 2826 2377 2863 et
