<?xml version="1.0" encoding="UTF-8"?>
<!DOCTYPE html PUBLIC "-//W3C//DTD XHTML 1.0 Transitional//EN"
    "http://www.w3.org/TR/xhtml1/DTD/xhtml1-transitional.dtd">
<html xmlns="http://www.w3.org/1999/xhtml" xml:lang="en" lang="en">
 <head>
  <title>
</title>
<meta http-equiv="Content-Type" content="text/html;charset=utf-8" />
  <meta name='ocr-system' content='tesseract 3.04.00' />
  <meta name='ocr-capabilities' content='ocr_page ocr_carea ocr_par ocr_line ocrx_word'/>
</head>
<body>
  <div class='ocr_page' id='page_1' title='image "./4774738_0015.png"; bbox 0 0 2559 3053; ppageno 0'>
   <div class='ocr_carea' id='block_1_1' title="bbox 1259 147 1282 196">
    <p class='ocr_par' dir='ltr' id='par_1_1' title="bbox 1259 147 1282 196">
     <span class='ocr_line' id='line_1_1' title="bbox 1259 147 1282 196; baseline 0 0"><span class='ocrx_word' id='word_1_1' title='bbox 1259 147 1282 196; x_wconf 66' lang='grc' dir='ltr'><strong>θ</strong></span> 
     </span>
    </p>
   </div>
   <div class='ocr_carea' id='block_1_2' title="bbox 1147 203 1395 221">
    <p class='ocr_par' dir='ltr' id='par_1_2' title="bbox 1147 203 1395 221">
     <span class='ocr_line' id='line_1_2' title="bbox 1147 203 1395 221; baseline 0.012 -3"><span class='ocrx_word' id='word_1_2' title='bbox 1147 203 1395 221; x_wconf 49' lang='grc' dir='ltr'>ΜΝ</span> 
     </span>
    </p>
   </div>
   <div class='ocr_carea' id='block_1_3' title="bbox 157 269 2380 2605">
    <p class='ocr_par' dir='ltr' id='par_1_3' title="bbox 157 269 2380 1805">
     <span class='ocr_line' id='line_1_3' title="bbox 157 269 2377 333; baseline -0.001 -10"><span class='ocrx_word' id='word_1_3' title='bbox 157 271 308 323; x_wconf 69' lang='lat' dir='ltr'>scholiis</span> <span class='ocrx_word' id='word_1_4' title='bbox 334 271 495 332; x_wconf 82' lang='lat' dir='ltr'>duobus,</span> <span class='ocrx_word' id='word_1_5' title='bbox 529 271 659 333; x_wconf 82' lang='lat' dir='ltr'>quibus</span> <span class='ocrx_word' id='word_1_6' title='bbox 683 293 778 320; x_wconf 87' lang='lat' dir='ltr'>non</span> <span class='ocrx_word' id='word_1_7' title='bbox 803 276 929 321; x_wconf 81' lang='lat' dir='ltr'>differt</span> <span class='ocrx_word' id='word_1_8' title='bbox 953 279 1081 333; x_wconf 81' lang='grc' dir='ltr'><strong><em>χρῆσις</em></strong></span> <span class='ocrx_word' id='word_1_9' title='bbox 1106 293 1129 320; x_wconf 86' lang='lat' dir='ltr'>a</span> <span class='ocrx_word' id='word_1_10' title='bbox 1154 282 1404 332; x_wconf 75' lang='grc' dir='ltr'><strong><em>παραδόσεως</em></strong></span> <span class='ocrx_word' id='word_1_11' title='bbox 1429 294 1533 320; x_wconf 88' lang='lat' dir='ltr'>voce:</span> <span class='ocrx_word' id='word_1_12' title='bbox 1578 288 1638 326; x_wconf 66' lang='lat' dir='ltr'>„ee</span> <span class='ocrx_word' id='word_1_13' title='bbox 1664 279 1781 332; x_wconf 52' lang='lat' dir='ltr'>faciut</span> <span class='ocrx_word' id='word_1_14' title='bbox 1807 282 1886 330; x_wconf 67' lang='lat' dir='ltr'>fast,</span> <span class='ocrx_word' id='word_1_15' title='bbox 1924 281 1981 321; x_wconf 66' lang='lat' dir='ltr'>aie</span> <span class='ocrx_word' id='word_1_16' title='bbox 2008 281 2050 320; x_wconf 79' lang='lat' dir='ltr'>nb</span> <span class='ocrx_word' id='word_1_17' title='bbox 2077 282 2138 329; x_wconf 62' lang='lat' dir='ltr'>erit</span> <span class='ocrx_word' id='word_1_18' title='bbox 2164 269 2201 320; x_wconf 79' lang='lat' dir='ltr'>in</span> <span class='ocrx_word' id='word_1_19' title='bbox 2230 282 2377 330; x_wconf 62' lang='lat' dir='ltr'>{pateret</span> 
     </span>
     <span class='ocr_line' id='line_1_4' title="bbox 157 341 2375 394; baseline 0 -13"><span class='ocrx_word' id='word_1_20' title='bbox 157 342 238 393; x_wconf 58' lang='lat'>8211</span> <span class='ocrx_word' id='word_1_21' title='bbox 261 345 389 394; x_wconf 76' lang='grc' dir='ltr'><strong><em>χρῆσις</em></strong></span> <span class='ocrx_word' id='word_1_22' title='bbox 410 343 465 383; x_wconf 74' lang='grc' dir='ltr'>δίε</span> <span class='ocrx_word' id='word_1_23' title='bbox 489 343 696 393; x_wconf 65' lang='grc' dir='ltr'><strong><em>ὒώειιῒιιιις</em></strong></span> <span class='ocrx_word' id='word_1_24' title='bbox 722 352 791 383; x_wconf 73' lang='lat' dir='ltr'>non</span> <span class='ocrx_word' id='word_1_25' title='bbox 818 341 1003 392; x_wconf 78' lang='grc' dir='ltr'><strong><em>συνήθεια</em></strong></span> <span class='ocrx_word' id='word_1_26' title='bbox 1030 342 1218 382; x_wconf 69' lang='grc' dir='ltr'><strong><em>Βεῐοιηηιεη</em></strong></span> <span class='ocrx_word' id='word_1_27' title='bbox 1245 342 1363 392; x_wconf 55' lang='lat' dir='ltr'>&amp;obest</span> <span class='ocrx_word' id='word_1_28' title='bbox 1420 345 1475 382; x_wconf 88' lang='lat' dir='ltr'>Ac</span> <span class='ocrx_word' id='word_1_29' title='bbox 1506 345 1674 393; x_wconf 85' lang='lat' dir='ltr'>profecto</span> <span class='ocrx_word' id='word_1_30' title='bbox 1707 345 1790 382; x_wconf 92' lang='lat' dir='ltr'>huic</span> <span class='ocrx_word' id='word_1_31' title='bbox 1825 345 1895 381; x_wconf 85' lang='lat' dir='ltr'>viri</span> <span class='ocrx_word' id='word_1_32' title='bbox 1931 344 2134 382; x_wconf 84' lang='lat' dir='ltr'>doctissimi</span> <span class='ocrx_word' id='word_1_33' title='bbox 2169 345 2375 383; x_wconf 86' lang='lat' dir='ltr'>sententiae</span> 
     </span>
     <span class='ocr_line' id='line_1_5' title="bbox 157 402 2376 457; baseline -0.001 -12"><span class='ocrx_word' id='word_1_34' title='bbox 157 404 317 446; x_wconf 82' lang='lat' dir='ltr'>fortasse</span> <span class='ocrx_word' id='word_1_35' title='bbox 344 405 513 457; x_wconf 85' lang='lat' dir='ltr'>exemplo</span> <span class='ocrx_word' id='word_1_36' title='bbox 541 417 622 445; x_wconf 87' lang='lat' dir='ltr'>esse</span> <span class='ocrx_word' id='word_1_37' title='bbox 647 407 774 457; x_wconf 90' lang='lat' dir='ltr'>potest</span> <span class='ocrx_word' id='word_1_38' title='bbox 801 403 967 443; x_wconf 88' lang='lat' dir='ltr'>scholion</span> <span class='ocrx_word' id='word_1_39' title='bbox 993 405 1031 446; x_wconf 90' lang='grc' dir='ltr'><em>Ξ</em></span> <span class='ocrx_word' id='word_1_40' title='bbox 1049 404 1125 443; x_wconf 84' lang='grc'>328</span> <span class='ocrx_word' id='word_1_41' title='bbox 1153 402 1230 455; x_wconf 81' lang='grc' dir='ltr'><strong><em>σέο]</em></strong></span> <span class='ocrx_word' id='word_1_42' title='bbox 1267 404 1541 454; x_wconf 69' lang='grc' dir='ltr'><strong><em>ὄρθοτονητέον</em></strong></span> <span class='ocrx_word' id='word_1_43' title='bbox 1557 431 1637 443; x_wconf 84' lang='grc'><strong>.....</strong></span> <span class='ocrx_word' id='word_1_44' title='bbox 1656 405 1677 456; x_wconf 82' lang='grc' dir='ltr'><em>ἡ</em></span> <span class='ocrx_word' id='word_1_45' title='bbox 1702 406 1743 444; x_wconf 83' lang='grc' dir='ltr'><strong><em>δὲ</em></strong></span> <span class='ocrx_word' id='word_1_46' title='bbox 1761 406 1887 457; x_wconf 78' lang='grc' dir='ltr'><strong><em>χρῆσις</em></strong></span> <span class='ocrx_word' id='word_1_47' title='bbox 1904 406 2066 453; x_wconf 78' lang='grc' dir='ltr'><strong><em>ἐγκλίνει.</em></strong></span> <span class='ocrx_word' id='word_1_48' title='bbox 2121 402 2253 443; x_wconf 79' lang='lat' dir='ltr'>Priora</span> <span class='ocrx_word' id='word_1_49' title='bbox 2279 406 2376 444; x_wconf 88' lang='lat' dir='ltr'>enim</span> 
     </span>
     <span class='ocr_line' id='line_1_6' title="bbox 159 462 2376 516; baseline 0 -11"><span class='ocrx_word' id='word_1_50' title='bbox 159 466 293 516; x_wconf 84' lang='lat' dir='ltr'>scholii</span> <span class='ocrx_word' id='word_1_51' title='bbox 317 468 433 507; x_wconf 86' lang='lat' dir='ltr'>verba</span> <span class='ocrx_word' id='word_1_52' title='bbox 449 471 535 506; x_wconf 87' lang='lat' dir='ltr'>sunt</span> <span class='ocrx_word' id='word_1_53' title='bbox 558 467 765 506; x_wconf 89' lang='lat' dir='ltr'>Herodiani</span> <span class='ocrx_word' id='word_1_54' title='bbox 794 466 859 516; x_wconf 85' lang='lat' dir='ltr'>(cf.</span> <span class='ocrx_word' id='word_1_55' title='bbox 878 465 1033 503; x_wconf 87' lang='lat' dir='ltr'>Lehrs:</span> <span class='ocrx_word' id='word_1_56' title='bbox 1064 462 1269 504; x_wconf 82' lang='lat' dir='ltr'>Herodiani</span> <span class='ocrx_word' id='word_1_57' title='bbox 1296 467 1438 515; x_wconf 89' lang='lat' dir='ltr'>scripta</span> <span class='ocrx_word' id='word_1_58' title='bbox 1465 468 1538 503; x_wconf 91' lang='lat' dir='ltr'>tria</span> <span class='ocrx_word' id='word_1_59' title='bbox 1566 479 1635 504; x_wconf 90' lang='lat' dir='ltr'>em.</span> <span class='ocrx_word' id='word_1_60' title='bbox 1654 479 1690 515; x_wconf 90' lang='lat' dir='ltr'>p.</span> <span class='ocrx_word' id='word_1_61' title='bbox 1710 468 1786 504; x_wconf 79' lang='lat'>284</span> <span class='ocrx_word' id='word_1_62' title='bbox 1814 471 1851 505; x_wconf 91' lang='lat' dir='ltr'>et</span> <span class='ocrx_word' id='word_1_63' title='bbox 1878 468 2033 505; x_wconf 86' lang='lat' dir='ltr'>Lentz:</span> <span class='ocrx_word' id='word_1_64' title='bbox 2065 466 2270 505; x_wconf 86' lang='lat' dir='ltr'>Herodiani</span> <span class='ocrx_word' id='word_1_65' title='bbox 2289 468 2376 505; x_wconf 90' lang='lat' dir='ltr'>reli-</span> 
     </span>
     <span class='ocr_line' id='line_1_7' title="bbox 159 526 2377 580; baseline -0 -12"><span class='ocrx_word' id='word_1_66' title='bbox 159 528 267 580; x_wconf 87' lang='lat' dir='ltr'>quiae</span> <span class='ocrx_word' id='word_1_67' title='bbox 285 527 336 577; x_wconf 90' lang='lat'>11,</span> <span class='ocrx_word' id='word_1_68' title='bbox 364 527 451 580; x_wconf 89' lang='grc'>90),</span> <span class='ocrx_word' id='word_1_69' title='bbox 491 529 622 568; x_wconf 85' lang='lat' dir='ltr'>ultima</span> <span class='ocrx_word' id='word_1_70' title='bbox 655 531 777 568; x_wconf 86' lang='lat' dir='ltr'>autem</span> <span class='ocrx_word' id='word_1_71' title='bbox 816 526 1034 566; x_wconf 78' lang='lat' dir='ltr'>recentioris</span> <span class='ocrx_word' id='word_1_72' title='bbox 1068 527 1258 566; x_wconf 92' lang='lat' dir='ltr'>cuiusdam</span> <span class='ocrx_word' id='word_1_73' title='bbox 1291 527 1541 576; x_wconf 80' lang='lat' dir='ltr'>grammatici,</span> <span class='ocrx_word' id='word_1_74' title='bbox 1583 528 1644 578; x_wconf 90' lang='lat' dir='ltr'>qui</span> <span class='ocrx_word' id='word_1_75' title='bbox 1680 527 1876 567; x_wconf 88' lang='lat' dir='ltr'>lectionem</span> <span class='ocrx_word' id='word_1_76' title='bbox 1910 527 2101 578; x_wconf 85' lang='lat' dir='ltr'>vulgarem</span> <span class='ocrx_word' id='word_1_77' title='bbox 2134 527 2377 578; x_wconf 81' lang='lat' dir='ltr'>plurimorum</span> 
     </span>
     <span class='ocr_line' id='line_1_8' title="bbox 159 589 2379 639; baseline 0 -11"><span class='ocrx_word' id='word_1_78' title='bbox 159 591 326 629; x_wconf 84' lang='lat' dir='ltr'>codicum</span> <span class='ocrx_word' id='word_1_79' title='bbox 365 591 573 629; x_wconf 79' lang='lat' dir='ltr'>encliticam</span> <span class='ocrx_word' id='word_1_80' title='bbox 613 602 693 628; x_wconf 88' lang='lat' dir='ltr'>esse</span> <span class='ocrx_word' id='word_1_81' title='bbox 737 590 839 627; x_wconf 89' lang='lat' dir='ltr'>dicit.</span> <span class='ocrx_word' id='word_1_82' title='bbox 892 590 944 626; x_wconf 91' lang='lat' dir='ltr'>At</span> <span class='ocrx_word' id='word_1_83' title='bbox 981 589 1125 638; x_wconf 89' lang='lat' dir='ltr'>reliqua</span> <span class='ocrx_word' id='word_1_84' title='bbox 1169 589 1307 626; x_wconf 89' lang='lat' dir='ltr'>codicis</span> <span class='ocrx_word' id='word_1_85' title='bbox 1343 589 1505 635; x_wconf 83' lang='lat' dir='ltr'>scholia,</span> <span class='ocrx_word' id='word_1_86' title='bbox 1547 601 1640 637; x_wconf 89' lang='lat' dir='ltr'>quae</span> <span class='ocrx_word' id='word_1_87' title='bbox 1682 590 1750 626; x_wconf 90' lang='lat' dir='ltr'>huc</span> <span class='ocrx_word' id='word_1_88' title='bbox 1788 594 1979 639; x_wconf 79' lang='lat' dir='ltr'>spectant,</span> <span class='ocrx_word' id='word_1_89' title='bbox 2025 590 2074 627; x_wconf 88' lang='lat' dir='ltr'>ad</span> <span class='ocrx_word' id='word_1_90' title='bbox 2106 601 2219 626; x_wconf 91' lang='lat' dir='ltr'>unum</span> <span class='ocrx_word' id='word_1_91' title='bbox 2256 592 2379 628; x_wconf 87' lang='lat' dir='ltr'>omnia</span> 
     </span>
     <span class='ocr_line' id='line_1_9' title="bbox 158 647 2379 703; baseline -0.001 -13"><span class='ocrx_word' id='word_1_92' title='bbox 158 650 215 690; x_wconf 90' lang='lat' dir='ltr'>La</span> <span class='ocrx_word' id='word_1_93' title='bbox 239 650 369 691; x_wconf 89' lang='lat' dir='ltr'>Rochii</span> <span class='ocrx_word' id='word_1_94' title='bbox 407 655 445 692; x_wconf 93' lang='lat' dir='ltr'>et</span> <span class='ocrx_word' id='word_1_95' title='bbox 476 651 724 702; x_wconf 85' lang='lat' dir='ltr'>Etymologici</span> <span class='ocrx_word' id='word_1_96' title='bbox 763 649 953 689; x_wconf 88' lang='lat' dir='ltr'>doctrinae</span> <span class='ocrx_word' id='word_1_97' title='bbox 992 653 1215 701; x_wconf 84' lang='lat' dir='ltr'>repugnant:</span> <span class='ocrx_word' id='word_1_98' title='bbox 1262 649 1400 689; x_wconf 87' lang='lat' dir='ltr'>Herod.</span> <span class='ocrx_word' id='word_1_99' title='bbox 1437 655 1473 689; x_wconf 90' lang='grc' dir='ltr'><em>Β</em></span> <span class='ocrx_word' id='word_1_100' title='bbox 1491 651 1565 688; x_wconf 78' lang='grc'>592</span> <span class='ocrx_word' id='word_1_101' title='bbox 1602 656 1665 689; x_wconf 80' lang='grc' dir='ltr'>καὶ</span> <span class='ocrx_word' id='word_1_102' title='bbox 1695 651 1856 701; x_wconf 72' lang='grc' dir='ltr'><strong><em>ἐπείσθη</em></strong></span> <span class='ocrx_word' id='word_1_103' title='bbox 1888 649 2008 702; x_wconf 60' lang='lat' dir='ltr'>micci,</span> <span class='ocrx_word' id='word_1_104' title='bbox 2047 661 2098 689; x_wconf 91' lang='lat' dir='ltr'>sc.</span> <span class='ocrx_word' id='word_1_105' title='bbox 2131 647 2379 703; x_wconf 66' lang='grc' dir='ltr'><strong><em>Ἀριστάρχῳ,</em></strong></span> 
     </span>
     <span class='ocr_line' id='line_1_10' title="bbox 158 711 2378 764; baseline -0 -13"><span class='ocrx_word' id='word_1_106' title='bbox 158 712 341 764; x_wconf 69' lang='grc' dir='ltr'><strong><em>ἧπλεΐων</em></strong></span> <span class='ocrx_word' id='word_1_107' title='bbox 374 715 518 763; x_wconf 77' lang='grc' dir='ltr'><strong><em>χρῆσις,</em></strong></span> <span class='ocrx_word' id='word_1_108' title='bbox 559 716 597 751; x_wconf 82' lang='lat' dir='ltr'>et</span> <span class='ocrx_word' id='word_1_109' title='bbox 631 713 772 750; x_wconf 85' lang='lat' dir='ltr'>Herod.</span> <span class='ocrx_word' id='word_1_110' title='bbox 806 715 828 747; x_wconf 91' lang='lat' dir='ltr'><em>I</em></span> <span class='ocrx_word' id='word_1_111' title='bbox 848 713 923 749; x_wconf 85' lang='lat'>393</span> <span class='ocrx_word' id='word_1_112' title='bbox 958 711 980 760; x_wconf 79' lang='grc' dir='ltr'><em>ἦ</em></span> <span class='ocrx_word' id='word_1_113' title='bbox 1008 714 1050 749; x_wconf 82' lang='grc' dir='ltr'><strong><em>δὲ</em></strong></span> <span class='ocrx_word' id='word_1_114' title='bbox 1083 714 1221 750; x_wconf 64' lang='grc' dir='ltr'><strong><em>πλείων</em></strong></span> <span class='ocrx_word' id='word_1_115' title='bbox 1251 714 1394 761; x_wconf 76' lang='grc' dir='ltr'><strong><em>χρῆσις,</em></strong></span> <span class='ocrx_word' id='word_1_116' title='bbox 1435 711 1487 749; x_wconf 85' lang='grc' dir='ltr'>ὦν</span> <span class='ocrx_word' id='word_1_117' title='bbox 1515 714 1591 749; x_wconf 78' lang='grc' dir='ltr'><strong><em>ἐστὶ</em></strong></span> <span class='ocrx_word' id='word_1_118' title='bbox 1619 718 1682 748; x_wconf 82' lang='grc' dir='ltr'>καὶ</span> <span class='ocrx_word' id='word_1_119' title='bbox 1718 712 1998 761; x_wconf 68' lang='grc' dir='ltr'>Ἀσκαλωνίτης,</span> <span class='ocrx_word' id='word_1_120' title='bbox 2044 711 2091 754; x_wconf 73' lang='grc' dir='ltr'>ὥς</span> <span class='ocrx_word' id='word_1_121' title='bbox 2125 711 2286 757; x_wconf 80' lang='grc' dir='ltr'><strong><em>σώζωσι,</em></strong></span> <span class='ocrx_word' id='word_1_122' title='bbox 2326 724 2378 750; x_wconf 85' lang='lat' dir='ltr'>sc.</span> 
     </span>
     <span class='ocr_line' id='line_1_11' title="bbox 158 771 2378 824; baseline -0 -12"><span class='ocrx_word' id='word_1_123' title='bbox 158 773 437 824; x_wconf 80' lang='grc' dir='ltr'><strong><em>προπαροξύνει</em></strong></span> <span class='ocrx_word' id='word_1_124' title='bbox 482 773 596 813; x_wconf 85' lang='grc' dir='ltr'><strong><em>σόωσι</em></strong></span> <span class='ocrx_word' id='word_1_125' title='bbox 642 774 812 811; x_wconf 85' lang='lat' dir='ltr'>formam.</span> <span class='ocrx_word' id='word_1_126' title='bbox 891 771 1018 823; x_wconf 91' lang='lat' dir='ltr'>Itaque</span> <span class='ocrx_word' id='word_1_127' title='bbox 1051 771 1210 823; x_wconf 79' lang='grc' dir='ltr'><strong><em>χρήσεως</em></strong></span> <span class='ocrx_word' id='word_1_128' title='bbox 1250 773 1466 812; x_wconf 90' lang='lat' dir='ltr'>vocabulum</span> <span class='ocrx_word' id='word_1_129' title='bbox 1502 779 1537 812; x_wconf 90' lang='grc' dir='ltr'><strong><em>Β</em></strong></span> <span class='ocrx_word' id='word_1_130' title='bbox 1564 773 1639 810; x_wconf 81' lang='lat'>592</span> <span class='ocrx_word' id='word_1_131' title='bbox 1681 784 1748 823; x_wconf 91' lang='lat' dir='ltr'>pro</span> <span class='ocrx_word' id='word_1_132' title='bbox 1786 771 2034 821; x_wconf 79' lang='grc' dir='ltr'><strong><em>παραδόσεως</em></strong></span> <span class='ocrx_word' id='word_1_133' title='bbox 2081 773 2237 812; x_wconf 88' lang='lat' dir='ltr'>aliorum</span> <span class='ocrx_word' id='word_1_134' title='bbox 2272 773 2378 811; x_wconf 89' lang='lat' dir='ltr'>scho-</span> 
     </span>
     <span class='ocr_line' id='line_1_12' title="bbox 158 832 2378 886; baseline -0 -14"><span class='ocrx_word' id='word_1_135' title='bbox 158 835 292 873; x_wconf 90' lang='lat' dir='ltr'>liorum</span> <span class='ocrx_word' id='word_1_136' title='bbox 325 835 488 886; x_wconf 89' lang='lat' dir='ltr'>positum</span> <span class='ocrx_word' id='word_1_137' title='bbox 526 839 600 883; x_wconf 91' lang='lat' dir='ltr'>est,</span> <span class='ocrx_word' id='word_1_138' title='bbox 649 835 696 873; x_wconf 86' lang='lat' dir='ltr'>cf.</span> <span class='ocrx_word' id='word_1_139' title='bbox 727 835 865 873; x_wconf 91' lang='lat' dir='ltr'>Herod.</span> <span class='ocrx_word' id='word_1_140' title='bbox 904 840 944 873; x_wconf 86' lang='lat' dir='ltr'><em>A</em></span> <span class='ocrx_word' id='word_1_141' title='bbox 969 835 1045 873; x_wconf 85' lang='lat'>239</span> <span class='ocrx_word' id='word_1_142' title='bbox 1077 832 1145 884; x_wconf 87' lang='grc' dir='ltr'><strong><em>λίς]</em></strong></span> <span class='ocrx_word' id='word_1_143' title='bbox 1201 834 1221 873; x_wconf 83' lang='grc' dir='ltr'><strong><em>ό</em></strong></span> <span class='ocrx_word' id='word_1_144' title='bbox 1246 838 1316 884; x_wconf 79' lang='grc' dir='ltr'>μὲν</span> <span class='ocrx_word' id='word_1_145' title='bbox 1340 835 1396 873; x_wconf 80' lang='lat' dir='ltr'>³A.</span> <span class='ocrx_word' id='word_1_146' title='bbox 1424 833 1543 876; x_wconf 81' lang='grc' dir='ltr'><strong><em>ὄξύνει</em></strong></span> <span class='ocrx_word' id='word_1_147' title='bbox 1571 864 1669 873; x_wconf 92' lang='grc'><strong>......</strong></span> <span class='ocrx_word' id='word_1_148' title='bbox 1701 839 1765 870; x_wconf 76' lang='grc' dir='ltr'>καὶ</span> <span class='ocrx_word' id='word_1_149' title='bbox 1797 833 1912 876; x_wconf 78' lang='grc' dir='ltr'><strong><em>οὕτως</em></strong></span> <span class='ocrx_word' id='word_1_150' title='bbox 1948 836 2127 883; x_wconf 73' lang='grc' dir='ltr'><strong><em>ἐπείσθη,</em></strong></span> <span class='ocrx_word' id='word_1_151' title='bbox 2175 845 2228 872; x_wconf 88' lang='lat' dir='ltr'>sc.</span> <span class='ocrx_word' id='word_1_152' title='bbox 2262 833 2378 885; x_wconf 71' lang='grc' dir='ltr'><strong><em>αὐτῷ,</em></strong></span> 
     </span>
     <span class='ocr_line' id='line_1_13' title="bbox 158 894 2377 946; baseline 0 -12"><span class='ocrx_word' id='word_1_153' title='bbox 158 895 181 945; x_wconf 77' lang='grc' dir='ltr'><em>ἡ</em></span> <span class='ocrx_word' id='word_1_154' title='bbox 205 896 442 945; x_wconf 81' lang='grc' dir='ltr'><strong><em>παράδοσις;</em></strong></span> <span class='ocrx_word' id='word_1_155' title='bbox 473 898 585 935; x_wconf 85' lang='lat'><strong>1393</strong></span> <span class='ocrx_word' id='word_1_156' title='bbox 613 909 756 946; x_wconf 92' lang='lat' dir='ltr'>quoque</span> <span class='ocrx_word' id='word_1_157' title='bbox 791 897 872 935; x_wconf 93' lang='lat' dir='ltr'>luce</span> <span class='ocrx_word' id='word_1_158' title='bbox 904 897 1039 934; x_wconf 90' lang='lat' dir='ltr'>clarius</span> <span class='ocrx_word' id='word_1_159' title='bbox 1080 900 1137 934; x_wconf 90' lang='lat' dir='ltr'>est</span> <span class='ocrx_word' id='word_1_160' title='bbox 1171 894 1239 944; x_wconf 75' lang='grc' dir='ltr'>τὴν</span> <span class='ocrx_word' id='word_1_161' title='bbox 1264 898 1339 934; x_wconf 76' lang='grc' dir='ltr'>τῶν</span> <span class='ocrx_word' id='word_1_162' title='bbox 1367 897 1507 933; x_wconf 83' lang='grc' dir='ltr'><strong><em>πλείων</em></strong></span> <span class='ocrx_word' id='word_1_163' title='bbox 1535 898 1679 945; x_wconf 79' lang='grc' dir='ltr'><strong><em>χρῆσιν,</em></strong></span> <span class='ocrx_word' id='word_1_164' title='bbox 1713 907 1865 944; x_wconf 92' lang='lat' dir='ltr'>quorum</span> <span class='ocrx_word' id='word_1_165' title='bbox 1897 896 1934 932; x_wconf 91' lang='lat' dir='ltr'>in</span> <span class='ocrx_word' id='word_1_166' title='bbox 1966 907 2116 933; x_wconf 90' lang='lat' dir='ltr'>numero</span> <span class='ocrx_word' id='word_1_167' title='bbox 2142 896 2377 934; x_wconf 85' lang='lat' dir='ltr'>Ascalonites</span> 
     </span>
     <span class='ocr_line' id='line_1_14' title="bbox 160 956 2377 1011; baseline 0 -15"><span class='ocrx_word' id='word_1_168' title='bbox 160 968 303 1008; x_wconf 91' lang='lat' dir='ltr'>quoque</span> <span class='ocrx_word' id='word_1_169' title='bbox 337 957 543 1006; x_wconf 89' lang='lat' dir='ltr'>invenitur,</span> <span class='ocrx_word' id='word_1_170' title='bbox 579 969 654 997; x_wconf 92' lang='lat' dir='ltr'>non</span> <span class='ocrx_word' id='word_1_171' title='bbox 688 958 857 997; x_wconf 91' lang='lat' dir='ltr'>codicum</span> <span class='ocrx_word' id='word_1_172' title='bbox 888 960 1054 996; x_wconf 89' lang='lat' dir='ltr'>veterum</span> <span class='ocrx_word' id='word_1_173' title='bbox 1087 956 1153 996; x_wconf 90' lang='lat' dir='ltr'>sed</span> <span class='ocrx_word' id='word_1_174' title='bbox 1181 957 1502 1006; x_wconf 86' lang='lat' dir='ltr'>grammaticorum</span> <span class='ocrx_word' id='word_1_175' title='bbox 1530 957 1653 1008; x_wconf 92' lang='lat' dir='ltr'>potius</span> <span class='ocrx_word' id='word_1_176' title='bbox 1681 956 1878 995; x_wconf 89' lang='lat' dir='ltr'>lectionem</span> <span class='ocrx_word' id='word_1_177' title='bbox 1913 957 1989 1011; x_wconf 69' lang='lat' dir='ltr'>sive</span> <span class='ocrx_word' id='word_1_178' title='bbox 2018 957 2268 994; x_wconf 89' lang='lat' dir='ltr'>testimonium</span> <span class='ocrx_word' id='word_1_179' title='bbox 2297 968 2377 996; x_wconf 86' lang='lat' dir='ltr'>esse</span> 
     </span>
     <span class='ocr_line' id='line_1_15' title="bbox 158 1018 2377 1069; baseline 0 -13"><span class='ocrx_word' id='word_1_180' title='bbox 158 1031 280 1069; x_wconf 89' lang='lat' dir='ltr'>posse.</span> <span class='ocrx_word' id='word_1_181' title='bbox 334 1019 441 1057; x_wconf 90' lang='lat' dir='ltr'>Hanc</span> <span class='ocrx_word' id='word_1_182' title='bbox 473 1021 587 1068; x_wconf 84' lang='lat' dir='ltr'>igitur</span> <span class='ocrx_word' id='word_1_183' title='bbox 622 1020 723 1058; x_wconf 89' lang='lat' dir='ltr'>vocis</span> <span class='ocrx_word' id='word_1_184' title='bbox 757 1021 1005 1069; x_wconf 83' lang='lat' dir='ltr'>provinciam,</span> <span class='ocrx_word' id='word_1_185' title='bbox 1040 1019 1103 1057; x_wconf 91' lang='lat' dir='ltr'>ubi</span> <span class='ocrx_word' id='word_1_186' title='bbox 1137 1019 1185 1056; x_wconf 90' lang='lat' dir='ltr'>ad</span> <span class='ocrx_word' id='word_1_187' title='bbox 1217 1018 1438 1067; x_wconf 78' lang='grc' dir='ltr'><strong><em>παράδοσιν</em></strong></span> <span class='ocrx_word' id='word_1_188' title='bbox 1472 1020 1753 1064; x_wconf 74' lang='lat' dir='ltr'>accesserimus,</span> <span class='ocrx_word' id='word_1_189' title='bbox 1790 1019 2069 1067; x_wconf 80' lang='lat' dir='ltr'>explicabimus.</span> <span class='ocrx_word' id='word_1_190' title='bbox 2122 1018 2257 1057; x_wconf 84' lang='lat' dir='ltr'>Cetera</span> <span class='ocrx_word' id='word_1_191' title='bbox 2291 1032 2377 1057; x_wconf 92' lang='lat' dir='ltr'>vero</span> 
     </span>
     <span class='ocr_line' id='line_1_16' title="bbox 159 1079 2377 1131; baseline 0 -12"><span class='ocrx_word' id='word_1_192' title='bbox 159 1080 265 1119; x_wconf 91' lang='lat' dir='ltr'>huius</span> <span class='ocrx_word' id='word_1_193' title='bbox 302 1080 471 1120; x_wconf 83' lang='lat' dir='ltr'>vocabuli</span> <span class='ocrx_word' id='word_1_194' title='bbox 513 1080 654 1121; x_wconf 89' lang='lat' dir='ltr'>scholia</span> <span class='ocrx_word' id='word_1_195' title='bbox 694 1093 717 1120; x_wconf 91' lang='lat' dir='ltr'>a</span> <span class='ocrx_word' id='word_1_196' title='bbox 753 1081 871 1120; x_wconf 91' lang='lat' dir='ltr'>libelli</span> <span class='ocrx_word' id='word_1_197' title='bbox 912 1080 1028 1119; x_wconf 89' lang='lat' dir='ltr'>nostri</span> <span class='ocrx_word' id='word_1_198' title='bbox 1069 1093 1109 1119; x_wconf 89' lang='lat' dir='ltr'>re</span> <span class='ocrx_word' id='word_1_199' title='bbox 1147 1080 1270 1119; x_wconf 87' lang='lat' dir='ltr'>aliena</span> <span class='ocrx_word' id='word_1_200' title='bbox 1309 1082 1405 1118; x_wconf 91' lang='lat' dir='ltr'>sunt.</span> <span class='ocrx_word' id='word_1_201' title='bbox 1475 1079 1601 1131; x_wconf 86' lang='lat' dir='ltr'>Neque</span> <span class='ocrx_word' id='word_1_202' title='bbox 1635 1081 1733 1119; x_wconf 88' lang='lat' dir='ltr'>enim</span> <span class='ocrx_word' id='word_1_203' title='bbox 1770 1081 1954 1130; x_wconf 89' lang='lat' dir='ltr'>scriptura</span> <span class='ocrx_word' id='word_1_204' title='bbox 1994 1081 2143 1119; x_wconf 89' lang='lat' dir='ltr'>maioris</span> <span class='ocrx_word' id='word_1_205' title='bbox 2179 1081 2377 1120; x_wconf 86' lang='lat' dir='ltr'>minorisve</span> 
     </span>
     <span class='ocr_line' id='line_1_17' title="bbox 160 1141 2378 1192; baseline 0 -13"><span class='ocrx_word' id='word_1_206' title='bbox 160 1143 394 1180; x_wconf 84' lang='lat' dir='ltr'>auctoritatis</span> <span class='ocrx_word' id='word_1_207' title='bbox 428 1141 555 1192; x_wconf 84' lang='grc' dir='ltr'><strong><em>χρῆσις</em></strong></span> <span class='ocrx_word' id='word_1_208' title='bbox 589 1143 641 1180; x_wconf 93' lang='lat' dir='ltr'>ibi</span> <span class='ocrx_word' id='word_1_209' title='bbox 675 1146 748 1189; x_wconf 90' lang='lat' dir='ltr'>est,</span> <span class='ocrx_word' id='word_1_210' title='bbox 797 1143 864 1180; x_wconf 89' lang='lat' dir='ltr'>sed</span> <span class='ocrx_word' id='word_1_211' title='bbox 901 1143 939 1179; x_wconf 92' lang='lat' dir='ltr'>in</span> <span class='ocrx_word' id='word_1_212' title='bbox 977 1143 1186 1180; x_wconf 91' lang='lat' dir='ltr'>universum</span> <span class='ocrx_word' id='word_1_213' title='bbox 1227 1144 1301 1178; x_wconf 92' lang='lat' dir='ltr'>vim</span> <span class='ocrx_word' id='word_1_214' title='bbox 1339 1144 1635 1189; x_wconf 86' lang='lat' dir='ltr'>grammaticam,</span> <span class='ocrx_word' id='word_1_215' title='bbox 1678 1154 1750 1179; x_wconf 91' lang='lat' dir='ltr'>non</span> <span class='ocrx_word' id='word_1_216' title='bbox 1793 1143 1958 1179; x_wconf 85' lang='lat' dir='ltr'>criticam</span> <span class='ocrx_word' id='word_1_217' title='bbox 1999 1143 2159 1179; x_wconf 78' lang='lat' dir='ltr'>exhibet.</span> <span class='ocrx_word' id='word_1_218' title='bbox 2225 1143 2378 1180; x_wconf 87' lang='lat' dir='ltr'>Homeri</span> 
     </span>
     <span class='ocr_line' id='line_1_18' title="bbox 160 1198 2380 1253; baseline 0 -12"><span class='ocrx_word' id='word_1_219' title='bbox 160 1198 392 1253; x_wconf 81' lang='lat' dir='ltr'>aliorumque</span> <span class='ocrx_word' id='word_1_220' title='bbox 420 1203 554 1242; x_wconf 80' lang='lat' dir='ltr'>dicendi</span> <span class='ocrx_word' id='word_1_221' title='bbox 583 1214 668 1242; x_wconf 75' lang='lat' dir='ltr'>usus</span> <span class='ocrx_word' id='word_1_222' title='bbox 702 1204 930 1252; x_wconf 88' lang='lat' dir='ltr'>significatur</span> <span class='ocrx_word' id='word_1_223' title='bbox 941 1202 991 1253; x_wconf 81' lang='grc'>1),’</span> <span class='ocrx_word' id='word_1_224' title='bbox 1034 1215 1064 1241; x_wconf 95' lang='lat' dir='ltr'>e.</span> <span class='ocrx_word' id='word_1_225' title='bbox 1087 1216 1121 1252; x_wconf 89' lang='lat' dir='ltr'>g.</span> <span class='ocrx_word' id='word_1_226' title='bbox 1150 1202 1289 1241; x_wconf 88' lang='lat' dir='ltr'>Herod.</span> <span class='ocrx_word' id='word_1_227' title='bbox 1314 1205 1353 1239; x_wconf 82' lang='lat' dir='ltr'><em>A</em></span> <span class='ocrx_word' id='word_1_228' title='bbox 1375 1202 1448 1240; x_wconf 85' lang='lat'>129</span> <span class='ocrx_word' id='word_1_229' title='bbox 1480 1203 1557 1240; x_wconf 81' lang='grc' dir='ltr'><strong><em>ἔστι</em></strong></span> <span class='ocrx_word' id='word_1_230' title='bbox 1584 1204 1624 1241; x_wconf 83' lang='grc' dir='ltr'><strong><em>δὲ</em></strong></span> <span class='ocrx_word' id='word_1_231' title='bbox 1650 1210 1712 1241; x_wconf 78' lang='grc' dir='ltr'>καὶ</span> <span class='ocrx_word' id='word_1_232' title='bbox 1745 1201 1788 1240; x_wconf 78' lang='grc' dir='ltr'>τό</span> <span class='ocrx_word' id='word_1_233' title='bbox 1820 1201 1882 1252; x_wconf 77' lang='grc' dir='ltr'>τῆς</span> <span class='ocrx_word' id='word_1_234' title='bbox 1912 1203 2070 1252; x_wconf 79' lang='grc' dir='ltr'><strong><em>χρήσεως</em></strong></span> <span class='ocrx_word' id='word_1_235' title='bbox 2097 1205 2160 1253; x_wconf 81' lang='grc' dir='ltr'>τῆς</span> <span class='ocrx_word' id='word_1_236' title='bbox 2183 1202 2380 1253; x_wconf 80' lang='grc' dir='ltr'><strong><em>Ὁμηρικῆς</em></strong></span> 
     </span>
     <span class='ocr_line' id='line_1_19' title="bbox 160 1262 2377 1315; baseline 0 -14"><span class='ocrx_word' id='word_1_237' title='bbox 160 1268 174 1302; x_wconf 75' lang='grc' dir='ltr'><strong><em>ι’</em></strong></span> <span class='ocrx_word' id='word_1_238' title='bbox 198 1267 297 1312; x_wconf 88' lang='grc' dir='ltr'><strong><em>ίωμα</em></strong></span> <span class='ocrx_word' id='word_1_239' title='bbox 326 1265 604 1313; x_wconf 79' lang='grc' dir='ltr'><strong><em>παραφυλάξαι</em></strong></span> <span class='ocrx_word' id='word_1_240' title='bbox 632 1264 767 1314; x_wconf 79' lang='grc' dir='ltr'><strong><em>οὕτως,</em></strong></span> <span class='ocrx_word' id='word_1_241' title='bbox 794 1264 842 1308; x_wconf 79' lang='grc' dir='ltr'>ὥς</span> <span class='ocrx_word' id='word_1_242' title='bbox 860 1263 916 1302; x_wconf 80' lang='grc' dir='ltr'><strong><em>ὅτι</em></strong></span> <span class='ocrx_word' id='word_1_243' title='bbox 944 1293 1024 1304; x_wconf 90' lang='grc'><strong>.....</strong></span> <span class='ocrx_word' id='word_1_244' title='bbox 1053 1264 1233 1302; x_wconf 79' lang='grc' dir='ltr'><strong><em>οὐδέποτε</em></strong></span> <span class='ocrx_word' id='word_1_245' title='bbox 1257 1265 1421 1312; x_wconf 80' lang='grc' dir='ltr'><strong><em>ἐπιφέρει</em></strong></span> <span class='ocrx_word' id='word_1_246' title='bbox 1447 1262 1491 1300; x_wconf 83' lang='grc' dir='ltr'>τὸ</span> <span class='ocrx_word' id='word_1_247' title='bbox 1509 1262 1629 1309; x_wconf 83' lang='grc' dir='ltr'><strong><em>πόλις,</em></strong></span> <span class='ocrx_word' id='word_1_248' title='bbox 1656 1277 1707 1303; x_wconf 91' lang='lat' dir='ltr'>sc.</span> <span class='ocrx_word' id='word_1_249' title='bbox 1735 1269 1821 1315; x_wconf 89' lang='lat' dir='ltr'>post</span> <span class='ocrx_word' id='word_1_250' title='bbox 1850 1268 1986 1315; x_wconf 83' lang='grc' dir='ltr'><strong><em>Τροίην</em></strong></span> <span class='ocrx_word' id='word_1_251' title='bbox 2013 1266 2170 1303; x_wconf 89' lang='lat' dir='ltr'>nominis</span> <span class='ocrx_word' id='word_1_252' title='bbox 2198 1265 2377 1303; x_wconf 84' lang='lat' dir='ltr'>formam:</span> 
     </span>
     <span class='ocr_line' id='line_1_20' title="bbox 159 1324 2377 1376; baseline 0.001 -14"><span class='ocrx_word' id='word_1_253' title='bbox 159 1324 330 1362; x_wconf 86' lang='lat' dir='ltr'>vocabuli</span> <span class='ocrx_word' id='word_1_254' title='bbox 349 1324 503 1362; x_wconf 89' lang='lat' dir='ltr'>alicuius</span> <span class='ocrx_word' id='word_1_255' title='bbox 529 1336 614 1363; x_wconf 87' lang='lat' dir='ltr'>usus</span> <span class='ocrx_word' id='word_1_256' title='bbox 636 1324 797 1364; x_wconf 88' lang='lat' dir='ltr'>Homero</span> <span class='ocrx_word' id='word_1_257' title='bbox 824 1327 883 1365; x_wconf 93' lang='lat' dir='ltr'>vel</span> <span class='ocrx_word' id='word_1_258' title='bbox 902 1326 985 1364; x_wconf 90' lang='lat' dir='ltr'>aliis</span> <span class='ocrx_word' id='word_1_259' title='bbox 1006 1325 1202 1374; x_wconf 83' lang='lat' dir='ltr'>expeditus</span> <span class='ocrx_word' id='word_1_260' title='bbox 1221 1324 1462 1371; x_wconf 86' lang='lat' dir='ltr'>intellegitur,</span> <span class='ocrx_word' id='word_1_261' title='bbox 1491 1337 1568 1373; x_wconf 87' lang='lat' dir='ltr'>e.g.</span> <span class='ocrx_word' id='word_1_262' title='bbox 1590 1325 1726 1364; x_wconf 89' lang='lat' dir='ltr'>Herod.</span> <span class='ocrx_word' id='word_1_263' title='bbox 1745 1329 1778 1362; x_wconf 84' lang='lat' dir='ltr'><strong><em>K</em></strong></span> <span class='ocrx_word' id='word_1_264' title='bbox 1789 1328 1838 1364; x_wconf 84' lang='lat'>38</span> <span class='ocrx_word' id='word_1_265' title='bbox 1866 1324 2087 1376; x_wconf 74' lang='grc' dir='ltr'><strong><em>ἐπίσκοπον]</em></strong></span> <span class='ocrx_word' id='word_1_266' title='bbox 2123 1326 2189 1375; x_wconf 76' lang='grc' dir='ltr'>χρη</span> <span class='ocrx_word' id='word_1_267' title='bbox 2208 1326 2249 1364; x_wconf 81' lang='grc' dir='ltr'><strong><em>δὲ</em></strong></span> <span class='ocrx_word' id='word_1_268' title='bbox 2268 1334 2377 1373; x_wconf 82' lang='grc' dir='ltr'><strong><em>νοεῖν,</em></strong></span> 
     </span>
     <span class='ocr_line' id='line_1_21' title="bbox 160 1384 2378 1439; baseline 0 -15"><span class='ocrx_word' id='word_1_269' title='bbox 160 1384 216 1425; x_wconf 82' lang='grc' dir='ltr'><strong><em>ὅτι</em></strong></span> <span class='ocrx_word' id='word_1_270' title='bbox 244 1385 367 1436; x_wconf 75' lang='grc' dir='ltr'><strong><em>πολλῆ</em></strong></span> <span class='ocrx_word' id='word_1_271' title='bbox 401 1385 422 1437; x_wconf 81' lang='grc' dir='ltr'><em>ἦ</em></span> <span class='ocrx_word' id='word_1_272' title='bbox 444 1384 573 1436; x_wconf 78' lang='grc' dir='ltr'><strong><em>χρῆσις</em></strong></span> <span class='ocrx_word' id='word_1_273' title='bbox 597 1385 665 1425; x_wconf 71' lang='grc' dir='ltr'>τοῦ</span> <span class='ocrx_word' id='word_1_274' title='bbox 689 1386 876 1436; x_wconf 77' lang='grc' dir='ltr'><strong><em>ὀνόματος</em></strong></span> <span class='ocrx_word' id='word_1_275' title='bbox 899 1386 1011 1437; x_wconf 75' lang='grc' dir='ltr'><strong><em>παρά</em></strong></span> <span class='ocrx_word' id='word_1_276' title='bbox 1035 1386 1090 1437; x_wconf 76' lang='grc' dir='ltr'>τῷ</span> <span class='ocrx_word' id='word_1_277' title='bbox 1114 1386 1250 1439; x_wconf 84' lang='grc' dir='ltr'><strong><em>ποιητῇ</em></strong></span> <span class='ocrx_word' id='word_1_278' title='bbox 1275 1385 1316 1424; x_wconf 81' lang='grc' dir='ltr'>ἐν</span> <span class='ocrx_word' id='word_1_279' title='bbox 1344 1384 1525 1436; x_wconf 78' lang='grc' dir='ltr'><strong><em>ἁπλότητι</em></strong></span> <span class='ocrx_word' id='word_1_280' title='bbox 1551 1393 1614 1424; x_wconf 76' lang='grc' dir='ltr'>και</span> <span class='ocrx_word' id='word_1_281' title='bbox 1638 1389 1679 1425; x_wconf 80' lang='grc' dir='ltr'>ἐν</span> <span class='ocrx_word' id='word_1_282' title='bbox 1702 1391 1879 1426; x_wconf 68' lang='grc' dir='ltr'><strong><em>συνθέσει</em></strong></span> <span class='ocrx_word' id='word_1_283' title='bbox 1889 1402 1903 1436; x_wconf 83' lang='grc'>,·</span> <span class='ocrx_word' id='word_1_284' title='bbox 1939 1387 2056 1425; x_wconf 88' lang='lat' dir='ltr'>simm.</span> <span class='ocrx_word' id='word_1_285' title='bbox 2086 1392 2133 1426; x_wconf 92' lang='lat' dir='ltr'><em>M</em></span> <span class='ocrx_word' id='word_1_286' title='bbox 2152 1388 2224 1427; x_wconf 88' lang='lat'>158</span> <span class='ocrx_word' id='word_1_287' title='bbox 2335 1386 2378 1426; x_wconf 78' lang='grc' dir='ltr'>τό</span> 
     </span>
     <span class='ocr_line' id='line_1_22' title="bbox 160 1444 2377 1499; baseline 0.002 -15"><span class='ocrx_word' id='word_1_288' title='bbox 160 1444 306 1497; x_wconf 72' lang='grc' dir='ltr'><strong><em>ταρφύς</em></strong></span> <span class='ocrx_word' id='word_1_289' title='bbox 332 1445 542 1496; x_wconf 77' lang='grc' dir='ltr'><strong><em>οἷρσενικόν,</em></strong></span> <span class='ocrx_word' id='word_1_290' title='bbox 578 1445 622 1486; x_wconf 81' lang='grc' dir='ltr'>οὗ</span> <span class='ocrx_word' id='word_1_291' title='bbox 647 1449 788 1486; x_wconf 77' lang='grc' dir='ltr'><strong><em>πολλαὶ</em></strong></span> <span class='ocrx_word' id='word_1_292' title='bbox 819 1449 917 1498; x_wconf 67' lang='grc' dir='ltr'><strong><em>ἦσαν</em></strong></span> <span class='ocrx_word' id='word_1_293' title='bbox 944 1446 1089 1496; x_wconf 78' lang='grc' dir='ltr'><strong><em>χρήσεις</em></strong></span> <span class='ocrx_word' id='word_1_294' title='bbox 1120 1446 1231 1495; x_wconf 69' lang='grc' dir='ltr'><strong><em>παρὰ</em></strong></span> <span class='ocrx_word' id='word_1_295' title='bbox 1263 1455 1340 1491; x_wconf 80' lang='grc' dir='ltr'><strong><em>τοῖς</em></strong></span> <span class='ocrx_word' id='word_1_296' title='bbox 1370 1449 1550 1491; x_wconf 76' lang='grc' dir='ltr'><strong><em>παλαιοῖς</em></strong></span> <span class='ocrx_word' id='word_1_297' title='bbox 1581 1455 1643 1485; x_wconf 80' lang='grc' dir='ltr'>καὶ</span> <span class='ocrx_word' id='word_1_298' title='bbox 1669 1448 1762 1497; x_wconf 71' lang='grc' dir='ltr'><strong><em>παρ’</em></strong></span> <span class='ocrx_word' id='word_1_299' title='bbox 1786 1447 1945 1499; x_wconf 77' lang='grc' dir='ltr'><strong><em>Ὁμήρῳ.</em></strong></span> <span class='ocrx_word' id='word_1_300' title='bbox 1995 1450 2116 1499; x_wconf 86' lang='lat' dir='ltr'>Atque</span> <span class='ocrx_word' id='word_1_301' title='bbox 2151 1450 2241 1487; x_wconf 86' lang='lat' dir='ltr'>haec</span> <span class='ocrx_word' id='word_1_302' title='bbox 2278 1451 2377 1488; x_wconf 84' lang='lat' dir='ltr'>vocis</span> 
     </span>
     <span class='ocr_line' id='line_1_23' title="bbox 163 1508 2377 1560; baseline 0.001 -14"><span class='ocrx_word' id='word_1_303' title='bbox 163 1509 265 1546; x_wconf 93' lang='lat' dir='ltr'>notio</span> <span class='ocrx_word' id='word_1_304' title='bbox 294 1508 392 1546; x_wconf 93' lang='lat' dir='ltr'>omni</span> <span class='ocrx_word' id='word_1_305' title='bbox 419 1509 578 1545; x_wconf 90' lang='lat' dir='ltr'>occurrit</span> <span class='ocrx_word' id='word_1_306' title='bbox 605 1512 741 1557; x_wconf 88' lang='lat' dir='ltr'>aetate,</span> <span class='ocrx_word' id='word_1_307' title='bbox 775 1509 876 1560; x_wconf 90' lang='lat' dir='ltr'>apud</span> <span class='ocrx_word' id='word_1_308' title='bbox 901 1508 1101 1557; x_wconf 88' lang='lat' dir='ltr'>Didymum</span> <span class='ocrx_word' id='word_1_309' title='bbox 1128 1513 1164 1546; x_wconf 92' lang='grc' dir='ltr'><em>Β</em></span> <span class='ocrx_word' id='word_1_310' title='bbox 1182 1508 1270 1555; x_wconf 82' lang='grc'>266,</span> <span class='ocrx_word' id='word_1_311' title='bbox 1305 1508 1521 1558; x_wconf 88' lang='lat' dir='ltr'>saepissime</span> <span class='ocrx_word' id='word_1_312' title='bbox 1550 1509 1649 1559; x_wconf 91' lang='lat' dir='ltr'>apud</span> <span class='ocrx_word' id='word_1_313' title='bbox 1677 1509 1926 1547; x_wconf 90' lang='lat' dir='ltr'>Herodianum</span> <span class='ocrx_word' id='word_1_314' title='bbox 1955 1516 1994 1549; x_wconf 86' lang='lat' dir='ltr'><em>A</em></span> <span class='ocrx_word' id='word_1_315' title='bbox 2013 1512 2089 1548; x_wconf 85' lang='lat'>493</span> <span class='ocrx_word' id='word_1_316' title='bbox 2117 1517 2152 1549; x_wconf 88' lang='lat' dir='ltr'><em>B</em></span> <span class='ocrx_word' id='word_1_317' title='bbox 2171 1512 2244 1549; x_wconf 81' lang='lat'>557</span> <span class='ocrx_word' id='word_1_318' title='bbox 2275 1514 2309 1547; x_wconf 86' lang='lat' dir='ltr'><em>K</em></span> <span class='ocrx_word' id='word_1_319' title='bbox 2329 1512 2377 1549; x_wconf 83' lang='lat'>38</span> 
     </span>
     <span class='ocr_line' id='line_1_24' title="bbox 160 1570 2377 1623; baseline 0.002 -15"><span class='ocrx_word' id='word_1_320' title='bbox 160 1574 207 1608; x_wconf 92' lang='lat' dir='ltr'><em>M</em></span> <span class='ocrx_word' id='word_1_321' title='bbox 223 1572 273 1608; x_wconf 83' lang='lat'>20</span> <span class='ocrx_word' id='word_1_322' title='bbox 301 1573 390 1617; x_wconf 88' lang='lat' dir='ltr'>etc.‚</span> <span class='ocrx_word' id='word_1_323' title='bbox 426 1570 584 1620; x_wconf 88' lang='lat' dir='ltr'>denique</span> <span class='ocrx_word' id='word_1_324' title='bbox 612 1570 636 1620; x_wconf 79' lang='grc' dir='ltr'><em>ἦ</em></span> <span class='ocrx_word' id='word_1_325' title='bbox 660 1572 788 1609; x_wconf 71' lang='grc' dir='ltr'><strong><em>ἐθνῶν</em></strong></span> <span class='ocrx_word' id='word_1_326' title='bbox 808 1572 954 1620; x_wconf 82' lang='grc' dir='ltr'><strong><em>χρῆσις,</em></strong></span> <span class='ocrx_word' id='word_1_327' title='bbox 987 1582 1039 1608; x_wconf 90' lang='lat' dir='ltr'>sc.</span> <span class='ocrx_word' id='word_1_328' title='bbox 1066 1571 1224 1608; x_wconf 92' lang='lat' dir='ltr'>nominis</span> <span class='ocrx_word' id='word_1_329' title='bbox 1251 1572 1395 1620; x_wconf 89' lang='lat' dir='ltr'>proprii</span> <span class='ocrx_word' id='word_1_330' title='bbox 1423 1572 1612 1621; x_wconf 74' lang='grc' dir='ltr'><strong><em>Καρησός,</em></strong></span> <span class='ocrx_word' id='word_1_331' title='bbox 1649 1572 1748 1620; x_wconf 89' lang='lat' dir='ltr'>apud</span> <span class='ocrx_word' id='word_1_332' title='bbox 1775 1573 2017 1610; x_wconf 82' lang='lat' dir='ltr'>recentiorem</span> <span class='ocrx_word' id='word_1_333' title='bbox 2051 1577 2087 1609; x_wconf 90' lang='grc' dir='ltr'><em>Β</em></span> <span class='ocrx_word' id='word_1_334' title='bbox 2107 1574 2194 1611; x_wconf 83' lang='grc'><strong>380.</strong></span> <span class='ocrx_word' id='word_1_335' title='bbox 2249 1573 2377 1623; x_wconf 92' lang='lat' dir='ltr'>Itaque</span> 
     </span>
     <span class='ocr_line' id='line_1_25' title="bbox 159 1631 2376 1681; baseline 0.003 -14"><span class='ocrx_word' id='word_1_336' title='bbox 159 1634 319 1681; x_wconf 81' lang='grc' dir='ltr'><strong><em>χρῆσις</em></strong></span> <span class='ocrx_word' id='word_1_337' title='bbox 361 1632 399 1668; x_wconf 89' lang='lat' dir='ltr'>in</span> <span class='ocrx_word' id='word_1_338' title='bbox 436 1631 493 1669; x_wconf 90' lang='lat' dir='ltr'>his</span> <span class='ocrx_word' id='word_1_339' title='bbox 533 1633 681 1681; x_wconf 92' lang='lat' dir='ltr'>quidem</span> <span class='ocrx_word' id='word_1_340' title='bbox 718 1631 867 1669; x_wconf 84' lang='lat' dir='ltr'>scholiis</span> <span class='ocrx_word' id='word_1_341' title='bbox 905 1635 962 1669; x_wconf 88' lang='lat' dir='ltr'>est</span> <span class='ocrx_word' id='word_1_342' title='bbox 1005 1634 1068 1669; x_wconf 88' lang='lat' dir='ltr'>aut</span> <span class='ocrx_word' id='word_1_343' title='bbox 1105 1631 1240 1668; x_wconf 81' lang='lat' dir='ltr'>Homeri</span> <span class='ocrx_word' id='word_1_344' title='bbox 1268 1632 1402 1669; x_wconf 81' lang='lat' dir='ltr'>dicendi</span> <span class='ocrx_word' id='word_1_345' title='bbox 1430 1633 1536 1678; x_wconf 75' lang='lat' dir='ltr'>ratio,</span> <span class='ocrx_word' id='word_1_346' title='bbox 1575 1637 1638 1670; x_wconf 87' lang='lat' dir='ltr'>aut</span> <span class='ocrx_word' id='word_1_347' title='bbox 1671 1633 1840 1670; x_wconf 85' lang='lat' dir='ltr'>vocabuli</span> <span class='ocrx_word' id='word_1_348' title='bbox 1875 1633 2029 1671; x_wconf 90' lang='lat' dir='ltr'>alicuius</span> <span class='ocrx_word' id='word_1_349' title='bbox 2070 1635 2192 1672; x_wconf 82' lang='lat' dir='ltr'>eiusve</span> <span class='ocrx_word' id='word_1_350' title='bbox 2234 1635 2376 1673; x_wconf 89' lang='lat' dir='ltr'>formae</span> 
     </span>
     <span class='ocr_line' id='line_1_26' title="bbox 161 1692 2378 1744; baseline 0.002 -13"><span class='ocrx_word' id='word_1_351' title='bbox 161 1705 260 1731; x_wconf 87' lang='lat' dir='ltr'>usus.</span> <span class='ocrx_word' id='word_1_352' title='bbox 312 1693 444 1731; x_wconf 84' lang='lat' dir='ltr'>Rarius</span> <span class='ocrx_word' id='word_1_353' title='bbox 471 1694 534 1742; x_wconf 85' lang='grc' dir='ltr'>τῆς</span> <span class='ocrx_word' id='word_1_354' title='bbox 560 1692 808 1741; x_wconf 80' lang='grc' dir='ltr'><strong><em>παραδόσεως</em></strong></span> <span class='ocrx_word' id='word_1_355' title='bbox 839 1694 939 1731; x_wconf 89' lang='lat' dir='ltr'>vocis</span> <span class='ocrx_word' id='word_1_356' title='bbox 972 1693 1092 1731; x_wconf 89' lang='lat' dir='ltr'>locum</span> <span class='ocrx_word' id='word_1_357' title='bbox 1125 1694 1283 1741; x_wconf 89' lang='lat' dir='ltr'>obtinet,</span> <span class='ocrx_word' id='word_1_358' title='bbox 1325 1706 1396 1731; x_wconf 91' lang='lat' dir='ltr'>uno</span> <span class='ocrx_word' id='word_1_359' title='bbox 1432 1694 1591 1732; x_wconf 82' lang='lat' dir='ltr'>fortasse</span> <span class='ocrx_word' id='word_1_360' title='bbox 1607 1693 1636 1744; x_wconf 85' lang='lat'>²)</span> <span class='ocrx_word' id='word_1_361' title='bbox 1671 1695 1750 1732; x_wconf 91' lang='lat' dir='ltr'>loco</span> <span class='ocrx_word' id='word_1_362' title='bbox 1784 1707 1824 1732; x_wconf 92' lang='lat' dir='ltr'>re</span> <span class='ocrx_word' id='word_1_363' title='bbox 1852 1707 1940 1733; x_wconf 89' lang='lat' dir='ltr'>vera</span> <span class='ocrx_word' id='word_1_364' title='bbox 1972 1700 2137 1734; x_wconf 85' lang='lat' dir='ltr'>veterum</span> <span class='ocrx_word' id='word_1_365' title='bbox 2176 1699 2378 1736; x_wconf 87' lang='lat' dir='ltr'>carminum</span> 
     </span>
     <span class='ocr_line' id='line_1_27' title="bbox 159 1751 2008 1805; baseline 0.001 -13"><span class='ocrx_word' id='word_1_366' title='bbox 159 1754 409 1792; x_wconf 87' lang='lat' dir='ltr'>testimonium</span> <span class='ocrx_word' id='word_1_367' title='bbox 438 1756 494 1791; x_wconf 90' lang='lat' dir='ltr'>est</span> <span class='ocrx_word' id='word_1_368' title='bbox 520 1751 695 1802; x_wconf 88' lang='lat' dir='ltr'>(Etymol.</span> <span class='ocrx_word' id='word_1_369' title='bbox 716 1753 839 1801; x_wconf 88' lang='lat' dir='ltr'>Magn.</span> <span class='ocrx_word' id='word_1_370' title='bbox 843 1753 877 1802; x_wconf 85' lang='lat'>)‚</span> <span class='ocrx_word' id='word_1_371' title='bbox 905 1765 1123 1803; x_wconf 77' lang='lat' dir='ltr'>nusquam.</span> <span class='ocrx_word' id='word_1_372' title='bbox 1126 1753 1190 1797; x_wconf 78' lang='lat' dir='ltr'>,bie</span> <span class='ocrx_word' id='word_1_373' title='bbox 1217 1754 1436 1803; x_wconf 68' lang='lat' dir='ltr'>gem&#39;obnlidye</span> <span class='ocrx_word' id='word_1_374' title='bbox 1464 1754 1739 1804; x_wconf 47' lang='lat' dir='ltr'>&amp;mreibtneifeffi</span> <span class='ocrx_word' id='word_1_375' title='bbox 1769 1755 1841 1804; x_wconf 84' lang='lat' dir='ltr'>(La</span> <span class='ocrx_word' id='word_1_376' title='bbox 1858 1755 2008 1805; x_wconf 88' lang='lat' dir='ltr'>Roche).</span> 
     </span>
    </p>

    <p class='ocr_par' dir='ltr' id='par_1_4' title="bbox 159 1813 2378 2605">
     <span class='ocr_line' id='line_1_28' title="bbox 344 1813 2378 1885; baseline 0.003 -33"><span class='ocrx_word' id='word_1_377' title='bbox 344 1813 631 1865; x_wconf 81' lang='grc' dir='ltr'><strong><em>Παράδοσις,</em></strong></span> <span class='ocrx_word' id='word_1_378' title='bbox 671 1818 849 1865; x_wconf 90' lang='lat' dir='ltr'>utsupra</span> <span class='ocrx_word' id='word_1_379' title='bbox 878 1816 1225 1864; x_wconf 87' lang='lat' dir='ltr'>demonstravimus,</span> <span class='ocrx_word' id='word_1_380' title='bbox 1259 1819 1354 1855; x_wconf 89' lang='lat' dir='ltr'>teste</span> <span class='ocrx_word' id='word_1_381' title='bbox 1389 1816 1642 1866; x_wconf 87' lang='lat' dir='ltr'>Etymologico</span> <span class='ocrx_word' id='word_1_382' title='bbox 1671 1817 1804 1867; x_wconf 88' lang='lat' dir='ltr'>Magno</span> <span class='ocrx_word' id='word_1_383' title='bbox 1839 1821 1910 1856; x_wconf 85' lang='lat' dir='ltr'>est:</span> <span class='ocrx_word' id='word_1_384' title='bbox 1953 1817 1973 1868; x_wconf 81' lang='grc' dir='ltr'><em>ἦ</em></span> <span class='ocrx_word' id='word_1_385' title='bbox 1999 1820 2074 1857; x_wconf 80' lang='grc' dir='ltr'>τῶν</span> <span class='ocrx_word' id='word_1_386' title='bbox 2108 1822 2378 1885; x_wconf 75' lang='grc' dir='ltr'><strong><em>γραμματικῶν</em></strong></span> 
     </span>
     <span class='ocr_line' id='line_1_29' title="bbox 159 1875 2377 1933; baseline 0.002 -19"><span class='ocrx_word' id='word_1_387' title='bbox 159 1879 369 1925; x_wconf 82' lang='grc' dir='ltr'><strong><em>μαρτυριά;</em></strong></span> <span class='ocrx_word' id='word_1_388' title='bbox 405 1880 517 1926; x_wconf 89' lang='lat' dir='ltr'>atque</span> <span class='ocrx_word' id='word_1_389' title='bbox 554 1878 704 1915; x_wconf 86' lang='lat' dir='ltr'>additur</span> <span class='ocrx_word' id='word_1_390' title='bbox 737 1878 785 1915; x_wconf 92' lang='lat' dir='ltr'>ad</span> <span class='ocrx_word' id='word_1_391' title='bbox 812 1889 891 1915; x_wconf 88' lang='lat' dir='ltr'>rem</span> <span class='ocrx_word' id='word_1_392' title='bbox 918 1877 1194 1927; x_wconf 85' lang='lat' dir='ltr'>explicandam:</span> <span class='ocrx_word' id='word_1_393' title='bbox 1231 1875 1312 1915; x_wconf 83' lang='grc' dir='ltr'><strong><em>οἷον</em></strong></span> <span class='ocrx_word' id='word_1_394' title='bbox 1340 1878 1473 1928; x_wconf 87' lang='lat' dir='ltr'>(velut)</span> <span class='ocrx_word' id='word_1_395' title='bbox 1511 1894 1558 1916; x_wconf 83' lang='grc' dir='ltr'>τα</span> <span class='ocrx_word' id='word_1_396' title='bbox 1590 1878 1830 1933; x_wconf 54' lang='grc' dir='ltr'><strong><em>Αριστάρχοι</em></strong></span> <span class='ocrx_word' id='word_1_397' title='bbox 1864 1877 1933 1916; x_wconf 81' lang='grc' dir='ltr'>τοῦ</span> <span class='ocrx_word' id='word_1_398' title='bbox 1965 1893 2234 1927; x_wconf 76' lang='grc' dir='ltr'><strong><em>γραμματικοι</em></strong></span> <span class='ocrx_word' id='word_1_399' title='bbox 2289 1881 2377 1919; x_wconf 88' lang='lat' dir='ltr'>Inde</span> 
     </span>
     <span class='ocr_line' id='line_1_30' title="bbox 161 1937 2376 2012; baseline 0.002 -36"><span class='ocrx_word' id='word_1_400' title='bbox 161 1937 631 1987; x_wconf 81' lang='lat' dir='ltr'>Wolfius:Pr01egomena</span> <span class='ocrx_word' id='word_1_401' title='bbox 667 1951 704 2012; x_wconf 86' lang='lat' dir='ltr'>p.</span> <span class='ocrx_word' id='word_1_402' title='bbox 730 1938 873 1977; x_wconf 87' lang='lat' dir='ltr'>CCXLI</span> <span class='ocrx_word' id='word_1_403' title='bbox 912 1940 1061 1988; x_wconf 86' lang='lat' dir='ltr'>collegit</span> <span class='ocrx_word' id='word_1_404' title='bbox 1093 1939 1314 1988; x_wconf 86' lang='grc' dir='ltr'><strong><em>παράδοσιν</em></strong></span> <span class='ocrx_word' id='word_1_405' title='bbox 1345 1952 1492 1989; x_wconf 85' lang='lat' dir='ltr'>semper</span> <span class='ocrx_word' id='word_1_406' title='bbox 1526 1953 1605 1978; x_wconf 88' lang='lat' dir='ltr'>esse</span> <span class='ocrx_word' id='word_1_407' title='bbox 1640 1940 1848 1977; x_wconf 85' lang='lat' dir='ltr'>Aristarchi</span> <span class='ocrx_word' id='word_1_408' title='bbox 1882 1944 2041 1984; x_wconf 79' lang='lat' dir='ltr'>textum3</span> <span class='ocrx_word' id='word_1_409' title='bbox 2083 1953 2185 1977; x_wconf 91' lang='lat' dir='ltr'>nam:</span> <span class='ocrx_word' id='word_1_410' title='bbox 2217 1954 2264 1979; x_wconf 84' lang='lat' dir='ltr'>ex</span> <span class='ocrx_word' id='word_1_411' title='bbox 2293 1955 2376 1992; x_wconf 80' lang='lat' dir='ltr'>quo,</span> 
     </span>
     <span class='ocr_line' id='line_1_31' title="bbox 159 1999 2376 2052; baseline 0.003 -14"><span class='ocrx_word' id='word_1_412' title='bbox 159 2000 299 2050; x_wconf 91' lang='lat' dir='ltr'>inquit,</span> <span class='ocrx_word' id='word_1_413' title='bbox 334 2000 576 2039; x_wconf 89' lang='lat' dir='ltr'>Aristarchea</span> <span class='ocrx_word' id='word_1_414' title='bbox 609 2000 821 2049; x_wconf 77' lang='grc' dir='ltr'><strong><em>ανάγνωσις</em></strong></span> <span class='ocrx_word' id='word_1_415' title='bbox 853 2001 955 2040; x_wconf 88' lang='lat' dir='ltr'>facta</span> <span class='ocrx_word' id='word_1_416' title='bbox 989 2004 1071 2040; x_wconf 91' lang='lat' dir='ltr'>erat</span> <span class='ocrx_word' id='word_1_417' title='bbox 1103 1999 1320 2050; x_wconf 85' lang='grc' dir='ltr'><strong><em>παράδοσις</em></strong></span> <span class='ocrx_word' id='word_1_418' title='bbox 1354 2001 1520 2052; x_wconf 91' lang='lat' dir='ltr'>(vulgata</span> <span class='ocrx_word' id='word_1_419' title='bbox 1547 2002 1674 2049; x_wconf 81' lang='lat' dir='ltr'>lectio,</span> <span class='ocrx_word' id='word_1_420' title='bbox 1702 2002 1872 2050; x_wconf 87' lang='lat' dir='ltr'>vulgatus</span> <span class='ocrx_word' id='word_1_421' title='bbox 1901 2001 2041 2050; x_wconf 77' lang='lat' dir='ltr'>textus)</span> <span class='ocrx_word' id='word_1_422' title='bbox 2077 2006 2170 2041; x_wconf 90' lang='lat' dir='ltr'>etc..</span> <span class='ocrx_word' id='word_1_423' title='bbox 2225 2003 2376 2044; x_wconf 89' lang='lat' dir='ltr'>Necnon</span> 
     </span>
     <span class='ocr_line' id='line_1_32' title="bbox 162 2061 2377 2113; baseline 0.003 -14"><span class='ocrx_word' id='word_1_424' title='bbox 162 2061 422 2105; x_wconf 87' lang='lat' dir='ltr'>Wilamowitz:</span> <span class='ocrx_word' id='word_1_425' title='bbox 469 2061 679 2112; x_wconf 58' lang='lat' dir='ltr'>bomeriftbe</span> <span class='ocrx_word' id='word_1_426' title='bbox 712 2063 1003 2112; x_wconf 64' lang='lat' dir='ltr'>Untetfudjungen</span> <span class='ocrx_word' id='word_1_427' title='bbox 1039 2075 1077 2113; x_wconf 90' lang='lat' dir='ltr'>p.</span> <span class='ocrx_word' id='word_1_428' title='bbox 1105 2064 1178 2100; x_wconf 81' lang='lat'>387</span> <span class='ocrx_word' id='word_1_429' title='bbox 1215 2064 1314 2101; x_wconf 90' lang='lat' dir='ltr'>idem</span> <span class='ocrx_word' id='word_1_430' title='bbox 1342 2065 1547 2102; x_wconf 91' lang='lat' dir='ltr'>contendit:</span> <span class='ocrx_word' id='word_1_431' title='bbox 1605 2063 1674 2101; x_wconf 64' lang='lat' dir='ltr'>&amp;e</span> <span class='ocrx_word' id='word_1_432' title='bbox 1710 2062 1786 2113; x_wconf 79' lang='lat' dir='ltr'>(bie</span> <span class='ocrx_word' id='word_1_433' title='bbox 1820 2063 2053 2112; x_wconf 68' lang='lat' dir='ltr'>otiitorcbiicbe</span> <span class='ocrx_word' id='word_1_434' title='bbox 2086 2064 2211 2113; x_wconf 57' lang='lat' dir='ltr'>zebre)</span> <span class='ocrx_word' id='word_1_435' title='bbox 2256 2066 2377 2106; x_wconf 81' lang='lat' dir='ltr'>bilbete</span> 
     </span>
     <span class='ocr_line' id='line_1_33' title="bbox 160 2122 2378 2175; baseline 0.002 -13"><span class='ocrx_word' id='word_1_436' title='bbox 160 2122 223 2162; x_wconf 77' lang='lat' dir='ltr'>ben</span> <span class='ocrx_word' id='word_1_437' title='bbox 249 2122 381 2172; x_wconf 60' lang='lat' dir='ltr'>&amp;ibuit</span> <span class='ocrx_word' id='word_1_438' title='bbox 412 2122 471 2161; x_wconf 71' lang='lat' dir='ltr'>het</span> <span class='ocrx_word' id='word_1_439' title='bbox 497 2122 732 2172; x_wconf 85' lang='grc' dir='ltr'><strong><em>παράδοσις.·</em></strong></span> <span class='ocrx_word' id='word_1_440' title='bbox 766 2123 865 2162; x_wconf 91' lang='lat' dir='ltr'>Huic</span> <span class='ocrx_word' id='word_1_441' title='bbox 896 2127 1021 2162; x_wconf 86' lang='lat' dir='ltr'>tamen</span> <span class='ocrx_word' id='word_1_442' title='bbox 1052 2125 1259 2162; x_wconf 86' lang='lat' dir='ltr'>sententiae</span> <span class='ocrx_word' id='word_1_443' title='bbox 1295 2125 1369 2162; x_wconf 92' lang='lat' dir='ltr'>iam</span> <span class='ocrx_word' id='word_1_444' title='bbox 1402 2126 1494 2163; x_wconf 92' lang='lat' dir='ltr'>illud</span> <span class='ocrx_word' id='word_1_445' title='bbox 1523 2123 1602 2163; x_wconf 80' lang='grc' dir='ltr'><strong><em>οἷον</em></strong></span> <span class='ocrx_word' id='word_1_446' title='bbox 1629 2126 1743 2175; x_wconf 86' lang='lat' dir='ltr'>ipsius</span> <span class='ocrx_word' id='word_1_447' title='bbox 1770 2125 2016 2174; x_wconf 87' lang='lat' dir='ltr'>Etymologici</span> <span class='ocrx_word' id='word_1_448' title='bbox 2050 2126 2191 2173; x_wconf 81' lang='lat' dir='ltr'>obstat,</span> <span class='ocrx_word' id='word_1_449' title='bbox 2228 2128 2378 2166; x_wconf 84' lang='lat' dir='ltr'>obstant</span> 
     </span>
     <span class='ocr_line' id='line_1_34' title="bbox 160 2184 2378 2237; baseline 0.002 -14"><span class='ocrx_word' id='word_1_450' title='bbox 160 2189 358 2234; x_wconf 84' lang='lat' dir='ltr'>praeterea</span> <span class='ocrx_word' id='word_1_451' title='bbox 384 2184 521 2222; x_wconf 85' lang='lat' dir='ltr'>codicis</span> <span class='ocrx_word' id='word_1_452' title='bbox 550 2184 584 2221; x_wconf 90' lang='lat' dir='ltr'>A</span> <span class='ocrx_word' id='word_1_453' title='bbox 610 2184 762 2222; x_wconf 85' lang='lat' dir='ltr'>scholia.</span> <span class='ocrx_word' id='word_1_454' title='bbox 806 2184 1014 2223; x_wconf 89' lang='lat' dir='ltr'>Invenimus</span> <span class='ocrx_word' id='word_1_455' title='bbox 1041 2186 1138 2223; x_wconf 92' lang='lat' dir='ltr'>enim</span> <span class='ocrx_word' id='word_1_456' title='bbox 1158 2185 1298 2223; x_wconf 91' lang='lat' dir='ltr'>Herod.</span> <span class='ocrx_word' id='word_1_457' title='bbox 1327 2187 1362 2221; x_wconf 85' lang='grc' dir='ltr'><em>Φ</em></span> <span class='ocrx_word' id='word_1_458' title='bbox 1384 2187 1457 2224; x_wconf 85' lang='grc'>162</span> <span class='ocrx_word' id='word_1_459' title='bbox 1484 2193 1547 2224; x_wconf 77' lang='grc' dir='ltr'>καὶ</span> <span class='ocrx_word' id='word_1_460' title='bbox 1567 2187 1739 2233; x_wconf 74' lang='grc' dir='ltr'><strong><em>διελέγχει</em></strong></span> <span class='ocrx_word' id='word_1_461' title='bbox 1763 2184 2017 2235; x_wconf 81' lang='grc' dir='ltr'><strong><em>ἡπαράδοσις</em></strong></span> <span class='ocrx_word' id='word_1_462' title='bbox 2043 2186 2110 2224; x_wconf 80' lang='grc' dir='ltr'>τὸν</span> <span class='ocrx_word' id='word_1_463' title='bbox 2128 2186 2378 2237; x_wconf 76' lang='grc' dir='ltr'><strong><em>Ἀρίσταρχον</em></strong></span> 
     </span>
     <span class='ocr_line' id='line_1_35' title="bbox 160 2245 2377 2298; baseline 0.002 -15"><span class='ocrx_word' id='word_1_464' title='bbox 160 2247 298 2294; x_wconf 81' lang='grc' dir='ltr'><strong><em>ἔχουσα</em></strong></span> <span class='ocrx_word' id='word_1_465' title='bbox 330 2245 374 2284; x_wconf 76' lang='grc' dir='ltr'>τᾶ</span> <span class='ocrx_word' id='word_1_466' title='bbox 396 2248 441 2287; x_wconf 77' lang='grc' dir='ltr'>Τ.</span> <span class='ocrx_word' id='word_1_467' title='bbox 494 2245 696 2296; x_wconf 89' lang='lat' dir='ltr'>Oppositae</span> <span class='ocrx_word' id='word_1_468' title='bbox 723 2247 837 2295; x_wconf 88' lang='lat' dir='ltr'>igitur</span> <span class='ocrx_word' id='word_1_469' title='bbox 862 2250 949 2285; x_wconf 88' lang='lat' dir='ltr'>sunt</span> <span class='ocrx_word' id='word_1_470' title='bbox 975 2248 1072 2285; x_wconf 89' lang='lat' dir='ltr'>inter</span> <span class='ocrx_word' id='word_1_471' title='bbox 1104 2259 1144 2285; x_wconf 92' lang='lat' dir='ltr'>se</span> <span class='ocrx_word' id='word_1_472' title='bbox 1172 2247 1378 2285; x_wconf 90' lang='lat' dir='ltr'>Aristarchi</span> <span class='ocrx_word' id='word_1_473' title='bbox 1413 2251 1449 2286; x_wconf 91' lang='lat' dir='ltr'>et</span> <span class='ocrx_word' id='word_1_474' title='bbox 1475 2246 1723 2296; x_wconf 84' lang='grc' dir='ltr'><strong><em>παραδόσεως</em></strong></span> <span class='ocrx_word' id='word_1_475' title='bbox 1755 2248 1951 2293; x_wconf 83' lang='lat' dir='ltr'>lectiones,</span> <span class='ocrx_word' id='word_1_476' title='bbox 1989 2248 2073 2286; x_wconf 90' lang='lat' dir='ltr'>vide</span> <span class='ocrx_word' id='word_1_477' title='bbox 2102 2249 2152 2286; x_wconf 89' lang='lat' dir='ltr'>sis</span> <span class='ocrx_word' id='word_1_478' title='bbox 2180 2253 2377 2298; x_wconf 89' lang='lat' dir='ltr'>praeterea</span> 
     </span>
     <span class='ocr_line' id='line_1_36' title="bbox 160 2307 2376 2361; baseline 0.003 -19"><span class='ocrx_word' id='word_1_479' title='bbox 160 2310 198 2342; x_wconf 90' lang='lat' dir='ltr'><em>N</em></span> <span class='ocrx_word' id='word_1_480' title='bbox 214 2308 287 2344; x_wconf 88' lang='lat'>391</span> <span class='ocrx_word' id='word_1_481' title='bbox 309 2310 346 2345; x_wconf 89' lang='lat' dir='ltr'>et</span> <span class='ocrx_word' id='word_1_482' title='bbox 362 2311 403 2345; x_wconf 89' lang='lat' dir='ltr'><em>A</em></span> <span class='ocrx_word' id='word_1_483' title='bbox 418 2308 493 2345; x_wconf 87' lang='lat'>386</span> <span class='ocrx_word' id='word_1_484' title='bbox 516 2312 606 2346; x_wconf 86' lang='lat' dir='ltr'>etc..</span> <span class='ocrx_word' id='word_1_485' title='bbox 659 2307 787 2357; x_wconf 91' lang='lat' dir='ltr'>Itaque</span> <span class='ocrx_word' id='word_1_486' title='bbox 815 2310 1017 2346; x_wconf 88' lang='lat' dir='ltr'>cavendum</span> <span class='ocrx_word' id='word_1_487' title='bbox 1036 2312 1104 2355; x_wconf 83' lang='lat' dir='ltr'>est,</span> <span class='ocrx_word' id='word_1_488' title='bbox 1123 2320 1168 2346; x_wconf 87' lang='lat' dir='ltr'>ne</span> <span class='ocrx_word' id='word_1_489' title='bbox 1190 2312 1328 2347; x_wconf 91' lang='lat' dir='ltr'>temere</span> <span class='ocrx_word' id='word_1_490' title='bbox 1352 2309 1573 2356; x_wconf 86' lang='grc' dir='ltr'><strong><em>παράδοσιν</em></strong></span> <span class='ocrx_word' id='word_1_491' title='bbox 1595 2308 1728 2356; x_wconf 90' lang='lat' dir='ltr'>ubique</span> <span class='ocrx_word' id='word_1_492' title='bbox 1748 2309 2013 2346; x_wconf 87' lang='lat' dir='ltr'>aristarcheam</span> <span class='ocrx_word' id='word_1_493' title='bbox 2033 2321 2113 2347; x_wconf 88' lang='lat' dir='ltr'>esse</span> <span class='ocrx_word' id='word_1_494' title='bbox 2134 2310 2376 2361; x_wconf 80' lang='lat' dir='ltr'>credamus.³)</span> 
     </span>
     <span class='ocr_line' id='line_1_37' title="bbox 160 2363 2377 2421; baseline 0.002 -15"><span class='ocrx_word' id='word_1_495' title='bbox 160 2368 212 2406; x_wconf 94' lang='lat' dir='ltr'>At</span> <span class='ocrx_word' id='word_1_496' title='bbox 229 2369 268 2407; x_wconf 91' lang='lat' dir='ltr'>in</span> <span class='ocrx_word' id='word_1_497' title='bbox 286 2370 496 2409; x_wconf 88' lang='lat' dir='ltr'>universum</span> <span class='ocrx_word' id='word_1_498' title='bbox 519 2370 840 2418; x_wconf 88' lang='lat' dir='ltr'>grammaticorum</span> <span class='ocrx_word' id='word_1_499' title='bbox 860 2363 1050 2408; x_wconf 87' lang='lat' dir='ltr'>doctorum</span> <span class='ocrx_word' id='word_1_500' title='bbox 1076 2370 1245 2420; x_wconf 87' lang='lat' dir='ltr'>doctrina</span> <span class='ocrx_word' id='word_1_501' title='bbox 1268 2369 1484 2418; x_wconf 82' lang='grc' dir='ltr'><strong><em>παράδοσις</em></strong></span> <span class='ocrx_word' id='word_1_502' title='bbox 1504 2373 1666 2416; x_wconf 86' lang='lat' dir='ltr'>vocatur,</span> <span class='ocrx_word' id='word_1_503' title='bbox 1694 2371 1751 2408; x_wconf 93' lang='lat' dir='ltr'>cui</span> <span class='ocrx_word' id='word_1_504' title='bbox 1771 2371 1825 2408; x_wconf 92' lang='lat' dir='ltr'>rei</span> <span class='ocrx_word' id='word_1_505' title='bbox 1844 2373 1958 2408; x_wconf 89' lang='lat' dir='ltr'>testes</span> <span class='ocrx_word' id='word_1_506' title='bbox 1979 2374 2065 2408; x_wconf 89' lang='lat' dir='ltr'>sunt</span> <span class='ocrx_word' id='word_1_507' title='bbox 2082 2371 2377 2421; x_wconf 89' lang='lat' dir='ltr'>Etymologicum</span> 
     </span>
     <span class='ocr_line' id='line_1_38' title="bbox 161 2430 2377 2482; baseline 0.002 -14"><span class='ocrx_word' id='word_1_508' title='bbox 161 2430 334 2479; x_wconf 82' lang='lat' dir='ltr'>Magnum</span> <span class='ocrx_word' id='word_1_509' title='bbox 364 2434 402 2470; x_wconf 93' lang='lat' dir='ltr'>et</span> <span class='ocrx_word' id='word_1_510' title='bbox 427 2432 647 2482; x_wconf 92' lang='lat' dir='ltr'>Apollonius</span> <span class='ocrx_word' id='word_1_511' title='bbox 673 2431 874 2481; x_wconf 90' lang='lat' dir='ltr'>Dyscolus,</span> <span class='ocrx_word' id='word_1_512' title='bbox 909 2432 1066 2482; x_wconf 91' lang='lat' dir='ltr'>denique</span> <span class='ocrx_word' id='word_1_513' title='bbox 1094 2431 1149 2469; x_wconf 89' lang='lat' dir='ltr'>La</span> <span class='ocrx_word' id='word_1_514' title='bbox 1165 2431 1305 2479; x_wconf 89' lang='lat' dir='ltr'>Roche,</span> <span class='ocrx_word' id='word_1_515' title='bbox 1334 2443 1441 2481; x_wconf 92' lang='lat' dir='ltr'>quem</span> <span class='ocrx_word' id='word_1_516' title='bbox 1469 2434 1592 2469; x_wconf 86' lang='lat' dir='ltr'>tamen</span> <span class='ocrx_word' id='word_1_517' title='bbox 1621 2443 1667 2469; x_wconf 84' lang='lat' dir='ltr'>ex</span> <span class='ocrx_word' id='word_1_518' title='bbox 1695 2432 1751 2469; x_wconf 88' lang='lat' dir='ltr'>his</span> <span class='ocrx_word' id='word_1_519' title='bbox 1779 2433 1925 2470; x_wconf 89' lang='lat' dir='ltr'>demum</span> <span class='ocrx_word' id='word_1_520' title='bbox 1951 2432 2116 2471; x_wconf 88' lang='lat' dir='ltr'>fontibus</span> <span class='ocrx_word' id='word_1_521' title='bbox 2144 2434 2310 2473; x_wconf 89' lang='lat' dir='ltr'>hausisse</span> <span class='ocrx_word' id='word_1_522' title='bbox 2339 2436 2377 2472; x_wconf 91' lang='lat' dir='ltr'>in</span> 
     </span>
     <span class='ocr_line' id='line_1_39' title="bbox 161 2491 2376 2545; baseline 0.001 -15"><span class='ocrx_word' id='word_1_523' title='bbox 161 2496 290 2542; x_wconf 88' lang='lat' dir='ltr'>aperto</span> <span class='ocrx_word' id='word_1_524' title='bbox 318 2497 386 2531; x_wconf 89' lang='lat' dir='ltr'>est.</span> <span class='ocrx_word' id='word_1_525' title='bbox 436 2493 507 2531; x_wconf 90' lang='lat' dir='ltr'>Sed</span> <span class='ocrx_word' id='word_1_526' title='bbox 533 2493 645 2543; x_wconf 85' lang='lat' dir='ltr'>quid?</span> <span class='ocrx_word' id='word_1_527' title='bbox 684 2494 782 2542; x_wconf 91' lang='lat' dir='ltr'>quod</span> <span class='ocrx_word' id='word_1_528' title='bbox 805 2494 959 2541; x_wconf 86' lang='lat' dir='ltr'>legimus</span> <span class='ocrx_word' id='word_1_529' title='bbox 979 2493 1117 2531; x_wconf 91' lang='lat' dir='ltr'>Herod.</span> <span class='ocrx_word' id='word_1_530' title='bbox 1139 2496 1176 2529; x_wconf 93' lang='lat' dir='ltr'><strong><em>N</em></strong></span> <span class='ocrx_word' id='word_1_531' title='bbox 1188 2493 1261 2530; x_wconf 86' lang='lat'>391</span> <span class='ocrx_word' id='word_1_532' title='bbox 1290 2491 1443 2541; x_wconf 73' lang='grc' dir='ltr'><strong><em>νεήκεσι]</em></strong></span> <span class='ocrx_word' id='word_1_533' title='bbox 1474 2492 1588 2536; x_wconf 80' lang='grc' dir='ltr'><strong><em>οὕτως</em></strong></span> <span class='ocrx_word' id='word_1_534' title='bbox 1613 2493 1653 2529; x_wconf 80' lang='grc' dir='ltr'><strong><em>δὲ</em></strong></span> <span class='ocrx_word' id='word_1_535' title='bbox 1677 2500 1740 2530; x_wconf 79' lang='grc' dir='ltr'>καὶ</span> <span class='ocrx_word' id='word_1_536' title='bbox 1766 2493 1951 2535; x_wconf 73' lang='grc' dir='ltr'>Ἀλεξίων.</span> <span class='ocrx_word' id='word_1_537' title='bbox 2005 2493 2025 2531; x_wconf 88' lang='grc' dir='ltr'>ὁ</span> <span class='ocrx_word' id='word_1_538' title='bbox 2044 2494 2085 2531; x_wconf 82' lang='grc' dir='ltr'><strong><em>δὲ</em></strong></span> <span class='ocrx_word' id='word_1_539' title='bbox 2103 2495 2376 2545; x_wconf 67' lang='grc' dir='ltr'><strong><em>Ἀσκαλωνίτης</em></strong></span> 
     </span>
     <span class='ocr_line' id='line_1_40' title="bbox 162 2552 2377 2605; baseline 0.001 -14"><span class='ocrx_word' id='word_1_540' title='bbox 162 2552 209 2597; x_wconf 75' lang='grc' dir='ltr'>ὥς</span> <span class='ocrx_word' id='word_1_541' title='bbox 226 2552 421 2602; x_wconf 75' lang='grc' dir='ltr'><strong><em>εὔγενέσιν,</em></strong></span> <span class='ocrx_word' id='word_1_542' title='bbox 449 2552 540 2601; x_wconf 84' lang='grc' dir='ltr'><strong><em>ὅπερ</em></strong></span> <span class='ocrx_word' id='word_1_543' title='bbox 559 2559 622 2590; x_wconf 78' lang='grc' dir='ltr'>καὶ</span> <span class='ocrx_word' id='word_1_544' title='bbox 634 2554 764 2603; x_wconf 80' lang='grc' dir='ltr'><strong><em>ἐχρῆν·</em></strong></span> <span class='ocrx_word' id='word_1_545' title='bbox 798 2555 965 2604; x_wconf 88' lang='lat' dir='ltr'>sequitur</span> <span class='ocrx_word' id='word_1_546' title='bbox 991 2555 1076 2602; x_wconf 84' lang='lat' dir='ltr'>iam,</span> <span class='ocrx_word' id='word_1_547' title='bbox 1106 2555 1236 2605; x_wconf 91' lang='lat' dir='ltr'>quibus</span> <span class='ocrx_word' id='word_1_548' title='bbox 1265 2566 1311 2592; x_wconf 83' lang='lat' dir='ltr'>ex</span> <span class='ocrx_word' id='word_1_549' title='bbox 1330 2554 1473 2602; x_wconf 86' lang='lat' dir='ltr'>legibus</span> <span class='ocrx_word' id='word_1_550' title='bbox 1501 2556 1600 2593; x_wconf 91' lang='lat' dir='ltr'>vocis</span> <span class='ocrx_word' id='word_1_551' title='bbox 1623 2555 1773 2593; x_wconf 89' lang='lat' dir='ltr'>ultimae</span> <span class='ocrx_word' id='word_1_552' title='bbox 1793 2555 1959 2604; x_wconf 79' lang='lat' dir='ltr'>syllabae</span> <span class='ocrx_word' id='word_1_553' title='bbox 1981 2560 2153 2594; x_wconf 86' lang='lat' dir='ltr'>accentus</span> <span class='ocrx_word' id='word_1_554' title='bbox 2172 2557 2377 2601; x_wconf 89' lang='lat' dir='ltr'>tribuatur;</span> 
     </span>
    </p>
   </div>
   <div class='ocr_carea' id='block_1_4' title="bbox 159 2675 2375 2772">
    <p class='ocr_par' dir='ltr' id='par_1_5' title="bbox 159 2675 2375 2772">
     <span class='ocr_line' id='line_1_41' title="bbox 349 2675 2375 2719; baseline 0 -10"><span class='ocrx_word' id='word_1_555' title='bbox 349 2677 371 2718; x_wconf 87' lang='lat'>²)</span> <span class='ocrx_word' id='word_1_556' title='bbox 399 2676 513 2716; x_wconf 84' lang='lat' dir='ltr'>Quodsi</span> <span class='ocrx_word' id='word_1_557' title='bbox 533 2677 580 2709; x_wconf 86' lang='lat' dir='ltr'>ita</span> <span class='ocrx_word' id='word_1_558' title='bbox 596 2677 848 2717; x_wconf 85' lang='lat' dir='ltr'>interpretaberis</span> <span class='ocrx_word' id='word_1_559' title='bbox 864 2677 1073 2719; x_wconf 80' lang='lat' dir='ltr'>Etymologici</span> <span class='ocrx_word' id='word_1_560' title='bbox 1093 2678 1186 2709; x_wconf 85' lang='lat' dir='ltr'>verba</span> <span class='ocrx_word' id='word_1_561' title='bbox 1209 2675 1274 2707; x_wconf 83' lang='grc' dir='ltr'><strong><em>οἷον</em></strong></span> <span class='ocrx_word' id='word_1_562' title='bbox 1297 2678 1330 2707; x_wconf 74' lang='grc' dir='ltr'>τᾶ</span> <span class='ocrx_word' id='word_1_563' title='bbox 1349 2678 1408 2718; x_wconf 75' lang='grc' dir='ltr'>μὲν</span> <span class='ocrx_word' id='word_1_564' title='bbox 1429 2676 1559 2717; x_wconf 63' lang='grc' dir='ltr'><strong><em>Ὁμήρου</em></strong></span> <span class='ocrx_word' id='word_1_565' title='bbox 1581 2679 1713 2708; x_wconf 78' lang='grc' dir='ltr'><strong><em>καλεῖται</em></strong></span> <span class='ocrx_word' id='word_1_566' title='bbox 1730 2683 1846 2718; x_wconf 80' lang='grc' dir='ltr'><strong><em>χρῆσις,</em></strong></span> <span class='ocrx_word' id='word_1_567' title='bbox 1868 2687 1975 2709; x_wconf 87' lang='lat' dir='ltr'>verum</span> <span class='ocrx_word' id='word_1_568' title='bbox 1997 2678 2134 2718; x_wconf 85' lang='lat' dir='ltr'>profecto</span> <span class='ocrx_word' id='word_1_569' title='bbox 2156 2679 2235 2710; x_wconf 84' lang='lat' dir='ltr'>vidit</span> <span class='ocrx_word' id='word_1_570' title='bbox 2250 2679 2375 2719; x_wconf 87' lang='lat' dir='ltr'>Etymo-</span> 
     </span>
     <span class='ocr_line' id='line_1_42' title="bbox 159 2729 1818 2772; baseline 0 -10"><span class='ocrx_word' id='word_1_571' title='bbox 159 2729 255 2771; x_wconf 81' lang='lat' dir='ltr'>logici</span> <span class='ocrx_word' id='word_1_572' title='bbox 275 2729 335 2762; x_wconf 87' lang='lat' dir='ltr'>loci</span> <span class='ocrx_word' id='word_1_573' title='bbox 355 2729 440 2762; x_wconf 84' lang='lat' dir='ltr'>illius</span> <span class='ocrx_word' id='word_1_574' title='bbox 461 2733 582 2769; x_wconf 64' lang='lat' dir='ltr'>anoton</span> <span class='ocrx_word' id='word_1_575' title='bbox 610 2730 664 2761; x_wconf 87' lang='lat' dir='ltr'>sed</span> <span class='ocrx_word' id='word_1_576' title='bbox 686 2729 766 2768; x_wconf 87' lang='lat' dir='ltr'>vide,</span> <span class='ocrx_word' id='word_1_577' title='bbox 787 2738 826 2762; x_wconf 86' lang='lat' dir='ltr'>ne</span> <span class='ocrx_word' id='word_1_578' title='bbox 847 2734 952 2762; x_wconf 84' lang='lat' dir='ltr'>cetera</span> <span class='ocrx_word' id='word_1_579' title='bbox 972 2730 1182 2772; x_wconf 84' lang='lat' dir='ltr'>Etymologici</span> <span class='ocrx_word' id='word_1_580' title='bbox 1201 2729 1296 2762; x_wconf 86' lang='lat' dir='ltr'>verba</span> <span class='ocrx_word' id='word_1_581' title='bbox 1316 2730 1441 2761; x_wconf 87' lang='lat' dir='ltr'>obstent</span> <span class='ocrx_word' id='word_1_582' title='bbox 1461 2729 1713 2769; x_wconf 85' lang='lat' dir='ltr'>interpretationi</span> <span class='ocrx_word' id='word_1_583' title='bbox 1734 2734 1818 2762; x_wconf 82' lang='lat' dir='ltr'>tuae.</span> 
     </span>
    </p>
   </div>
   <div class='ocr_carea' id='block_1_5' title="bbox 159 2791 2373 2884">
    <p class='ocr_par' dir='ltr' id='par_1_6' title="bbox 159 2791 2373 2884">
     <span class='ocr_line' id='line_1_43' title="bbox 347 2791 2373 2834; baseline 0.001 -12"><span class='ocrx_word' id='word_1_584' title='bbox 347 2791 372 2832; x_wconf 86' lang='lat'>²)</span> <span class='ocrx_word' id='word_1_585' title='bbox 399 2791 479 2823; x_wconf 88' lang='lat' dir='ltr'>Nam</span> <span class='ocrx_word' id='word_1_586' title='bbox 506 2792 543 2823; x_wconf 88' lang='lat' dir='ltr'>de</span> <span class='ocrx_word' id='word_1_587' title='bbox 566 2794 592 2825; x_wconf 78' lang='grc' dir='ltr'><strong>Ξ</strong></span> <span class='ocrx_word' id='word_1_588' title='bbox 610 2792 672 2823; x_wconf 80' lang='lat'>328</span> <span class='ocrx_word' id='word_1_589' title='bbox 697 2801 832 2831; x_wconf 85' lang='lat' dir='ltr'>quoque,</span> <span class='ocrx_word' id='word_1_590' title='bbox 864 2795 968 2824; x_wconf 84' lang='lat' dir='ltr'>utrum</span> <span class='ocrx_word' id='word_1_591' title='bbox 995 2795 1135 2824; x_wconf 86' lang='lat' dir='ltr'>veterum</span> <span class='ocrx_word' id='word_1_592' title='bbox 1169 2792 1211 2823; x_wconf 84' lang='lat' dir='ltr'>sit</span> <span class='ocrx_word' id='word_1_593' title='bbox 1238 2802 1277 2823; x_wconf 88' lang='lat' dir='ltr'>an</span> <span class='ocrx_word' id='word_1_594' title='bbox 1304 2801 1366 2823; x_wconf 91' lang='lat' dir='ltr'>non</span> <span class='ocrx_word' id='word_1_595' title='bbox 1400 2793 1577 2831; x_wconf 83' lang='lat' dir='ltr'>aequalium</span> <span class='ocrx_word' id='word_1_596' title='bbox 1610 2794 1747 2824; x_wconf 88' lang='lat' dir='ltr'>codicum</span> <span class='ocrx_word' id='word_1_597' title='bbox 1776 2794 1929 2833; x_wconf 87' lang='lat' dir='ltr'>scriptura</span> <span class='ocrx_word' id='word_1_598' title='bbox 1956 2800 2083 2834; x_wconf 80' lang='grc' dir='ltr'><strong><em>χρῆσις,</em></strong></span> <span class='ocrx_word' id='word_1_599' title='bbox 2115 2794 2250 2825; x_wconf 86' lang='lat' dir='ltr'>dubitari</span> <span class='ocrx_word' id='word_1_600' title='bbox 2277 2803 2373 2833; x_wconf 83' lang='lat' dir='ltr'>posse,</span> 
     </span>
     <span class='ocr_line' id='line_1_44' title="bbox 159 2843 561 2884; baseline 0 -8"><span class='ocrx_word' id='word_1_601' title='bbox 159 2852 249 2876; x_wconf 87' lang='lat' dir='ltr'>nemo</span> <span class='ocrx_word' id='word_1_602' title='bbox 270 2846 329 2883; x_wconf 85' lang='lat' dir='ltr'>est,</span> <span class='ocrx_word' id='word_1_603' title='bbox 350 2843 425 2884; x_wconf 83' lang='lat' dir='ltr'>quin</span> <span class='ocrx_word' id='word_1_604' title='bbox 445 2843 561 2876; x_wconf 82' lang='lat' dir='ltr'>videat.</span> 
     </span>
    </p>
   </div>
   <div class='ocr_carea' id='block_1_6' title="bbox 348 2905 854 2946">
    <p class='ocr_par' dir='ltr' id='par_1_7' title="bbox 348 2905 854 2946">
     <span class='ocr_line' id='line_1_45' title="bbox 348 2905 854 2946; baseline 0 -9"><span class='ocrx_word' id='word_1_605' title='bbox 348 2905 371 2946; x_wconf 84' lang='lat'>¹)</span> <span class='ocrx_word' id='word_1_606' title='bbox 398 2905 438 2938; x_wconf 86' lang='lat' dir='ltr'>cf.</span> <span class='ocrx_word' id='word_1_607' title='bbox 460 2905 617 2938; x_wconf 82' lang='lat' dir='ltr'>Ludwich.</span> <span class='ocrx_word' id='word_1_608' title='bbox 639 2906 660 2938; x_wconf 92' lang='lat' dir='ltr'>l.</span> <span class='ocrx_word' id='word_1_609' title='bbox 675 2916 701 2938; x_wconf 87' lang='lat' dir='ltr'>c.</span> <span class='ocrx_word' id='word_1_610' title='bbox 717 2906 762 2945; x_wconf 88' lang='grc' dir='ltr'>Π,</span> <span class='ocrx_word' id='word_1_611' title='bbox 784 2906 854 2938; x_wconf 76' lang='lat'>218.</span> 
     </span>
    </p>
   </div>
  </div>
 </body>
</html>
