2559 3053
1278 118 1322 162 19

173 263 205 286 6.
224 262 257 296 g.
288 254 328 286 Χ
344 250 432 285 204.
488 248 686 285 Contraria
711 251 797 285 sunt
815 247 929 285 verba
956 252 978 284 1
991 249 1042 284 46
1072 249 1230 296 ἄμεινον
1250 248 1290 284 δὲ
1311 248 1374 295 ὑφ’
1391 252 1432 285 ἓν
1448 253 1519 295 μὲν
1539 245 1811 294 ἀναγινώσκειν
1840 253 1895 298 „sa'
1911 250 1952 287 δὲ
1970 258 2034 289 καῖ
2060 246 2170 289 αιῗτοῐ
2190 245 2414 300 φευγόντων,

173 311 196 348 i.
217 323 249 349 e.
279 322 351 348 uno
380 313 509 348 tenore
542 309 817 360 pronuntianda
849 311 934 347 sunt
961 308 1092 356 verba,
1130 321 1175 348 ne
1204 310 1313 360 plura
1342 310 1505 349 existant
1542 309 1753 357 enuntiata,
1788 310 1855 349 sed
1882 322 2017 359 unum,
2051 315 2092 350 ut
2117 316 2150 351 εἰ
2175 312 2336 364 positum
2362 310 2413 350 sit

171 384 239 421 pro
270 374 386 418 ἄγετε.
445 372 611 420 Denique
641 375 779 408 certum
807 373 1073 419 pronuntiandi
1105 384 1219 417 genus
1248 384 1322 408 non
1349 374 1534 409 indicatur
1564 374 1597 406 K
1616 372 1691 407 265
1704 370 1734 417 ²)
1777 370 1889 408 τοῦτο
1922 372 2058 419 ὁμοίως
2093 375 2147 421 τῷ
2179 375 2411 421 προκειμένῳ

174 432 462 481 ἀναγνωστὲοιν,·
501 433 619 471 simm.
649 436 683 471 K
702 433 779 471 545
812 439 850 472 Λ
876 433 960 471 166.
1029 432 1147 471 Unum
1191 433 1374 483 reliquum
1416 436 1473 473 est
1511 432 1677 472 scholion
1716 431 1920 471 Aristonici
1962 435 1998 470 B
2023 432 2101 473 519
2142 428 2408 482 Κυπάρισσον]

173 493 380 541 ὁμωνύμως
401 492 454 544 τῷ
473 496 617 543 δένδρῳ
638 493 872 542 ἀνεγνώσθη,
902 495 966 531 i.e.
991 495 1120 531 eodem
1140 506 1210 543 quo
1231 495 1342 531 arbor
1368 497 1513 531 nomine
1533 494 1777 542 cognominata
1794 494 1851 530 esi
1866 493 1918 543 (¹1)
1947 495 2046 532 urbs.
2096 495 2189 532 Nam
2211 493 2413 531 cavendum

174 557 248 600 est,
286 567 332 592 ne
367 555 636 593 confundamus
671 554 760 592 haec
794 555 909 593 verba
944 568 1024 593 cum
1066 556 1264 594 simillimis
1298 557 1374 595 illis
1403 570 1445 595 ac
1479 556 1682 594 notissimis
1722 554 1902 604 ηὸμοίωᾷ
1937 555 2202 603 ἀναγνωστέον
2227 555 2281 604 τῷ
2308 554 2413 601 κτλ.,·

174 618 301 652 nostro
337 617 435 652 enim
467 616 548 653 loco
582 616 761 652 traditum
795 619 852 652 est
886 615 1101 663 ὁμωνύμως.
1165 619 1211 653 At
1244 619 1374 666 quaeri
1410 618 1578 668 profecto
1613 619 1754 666 potest,
1795 627 1842 652 an
1870 627 1944 652 non
1970 615 2101 652 melius
2134 614 2330 663 legendum
2362 614 2412 650 sit

175 676 320 725 ὁμοίως.
376 677 481 722 Quod
508 679 540 716 si
568 678 784 724 fecerimus,
818 678 949 716 scholii
978 691 1036 716 res
1065 680 1135 717 erit
1163 679 1208 717 de
1238 679 1485 727 Κυπάρισσος
1519 679 1677 717 nominis
1711 681 1883 725 accentu,
1922 681 1963 716 ut
1990 677 2048 716 hic
2075 677 2245 717 eliciatur
2281 675 2412 715 scholii

172 749 322 775 sensus:
366 738 615 788 Κυπάρισσος
648 738 750 776 urbis
784 739 924 776 nomini
958 740 1054 777 idem
1091 744 1264 778 accentus
1299 740 1490 788 tribuitur,
1534 741 1597 792 qui
1634 740 1773 777 nomini
1806 739 1949 777 arboris
1977 737 2225 787 κυπάρισσος.
2287 737 2409 787 Atque

174 801 264 838 haec
299 803 503 839 Aristonici
542 803 735 839 annotatio
779 806 817 839 et
852 803 941 839 haec
976 804 1206 851 potissimum
1247 804 1350 840 verbi
1386 803 1658 848 ἀναγινώσκειν
1696 804 1750 840 vis
1782 803 1897 839 multo
1930 801 2051 848 magis
2090 801 2286 838 convenire
2323 799 2411 837 mihi

173 863 321 901 videtur
349 875 431 901 cum
458 864 592 902 ceteris
621 864 826 901 Aristonici
853 863 1003 901 scholiis
1032 868 1068 901 et
1098 877 1178 902 cum
1206 865 1360 915 propria
1389 865 1467 903 eius
1496 864 1645 903 dicendi
1671 864 1828 902 ratione.

298 926 411 973 Apud
447 927 665 962 recentioris
710 926 791 962 aevi
826 928 1086 972 grammaticos
1128 927 1231 963 verbi
1264 939 1350 963 usus
1393 939 1467 963 non
1500 928 1690 975 discrepat
1726 927 1772 963 ab
1810 925 2013 962 Herodiani
2052 926 2293 973 aliorumque.
2357 925 2411 961 De

174 990 329 1025 accentu
355 990 441 1023 sunt
468 986 611 1024 scholia
639 990 674 1023 Β
693 987 766 1023 307
797 987 864 1023 ΓΙ
894 990 912 1022 1
934 987 1005 1025 106
1034 989 1065 1023 O
1089 988 1177 1029 155;
1215 988 1259 1025 de
1279 988 1413 1037 spiritu
1433 990 1464 1023 0
1485 987 1577 1032 705;
1620 988 1665 1025 (16
1685 986 1821 1025 litteris
1841 989 1941 1024 recte
1971 986 2207 1024 conectendis
2236 989 2270 1023 Z
2286 986 2362 1024 319
2377 983 2409 1034 ²)

175 1053 209 1088 Θ
229 1049 304 1085 276
333 1052 369 1086 Φ
389 1048 464 1085 252
477 1046 507 1097 ³)
536 1054 576 1087 X
592 1049 655 1095 29,
675 1049 771 1091 349;
807 1048 852 1085 (16
874 1048 1027 1086 elisione
1057 1054 1090 1087 Γ
1107 1050 1190 1087 150.
1237 1049 1402 1099 Denique
1423 1050 1594 1097 digniora
1617 1052 1714 1095 sunt,
1743 1060 1836 1097 quae
1857 1051 2199 1094 commemorentur,
2230 1051 2261 1084 K
2282 1048 2305 1085 6
2332 1039 2412 1084 ἀπό

176 1109 290 1157 ιῖλλης
315 1108 433 1157 ἀρχῆς
458 1108 731 1155 ἀναγινώσκειν
758 1112 796 1146 et
821 1112 859 1150 Ξ
879 1110 955 1147 364
981 1111 1103 1146 ταῦτα
1130 1109 1213 1146 κατ’
1236 1110 1464 1159 ἐπερώτησιν
1487 1110 1765 1157 ἀναγνωστέον.
1819 1109 1921 1147 Illius
1949 1109 2079 1147 scholii
2107 1109 2255 1147 dicendi
2283 1120 2409 1157 genus,

175 1181 397 1218 quamquam
433 1180 586 1218 prorsus
628 1168 825 1207 Nicanoris
868 1175 942 1216 est,
984 1174 1107 1207 tamen
1150 1170 1195 1207 ab
1231 1182 1272 1208 eo
1307 1169 1618 1209 Friedlaenderus
1660 1172 1757 1209 haud
1802 1172 1879 1209 scio
1923 1183 1970 1209 an
2012 1173 2166 1220 propter
2207 1170 2413 1208 doctrinam

174 1231 386 1278 abrogavit;
433 1242 512 1267 cum
549 1230 657 1267 huius
690 1242 778 1268 vero
807 1232 991 1269 locutione
1026 1232 1316 1280 comparandum
1349 1236 1407 1270 est
1434 1232 1641 1271 Herodiani
1676 1232 1770 1271 illud
1797 1232 2001 1275 πευστικώς
2036 1235 2099 1270 aut
2131 1229 2414 1279 προστακτικῶς

174 1297 215 1331 Χ
232 1292 320 1330 285.
350 1313 398 1318 -
431 1291 619 1330 Habemus
647 1292 762 1341 igitur
789 1305 869 1340 sex,
897 1294 968 1330 nisi
997 1294 1112 1331 mavis
1142 1297 1327 1343 quattuor,
1357 1293 1423 1331 τοῦ
1451 1293 1723 1342 ἀναγινώσκειν
1749 1294 1854 1333 verbi
1879 1294 2063 1332 notiones:
2108 1295 2142 1331 1.
2170 1292 2410 1344 pronuntiare

174 1355 409 1398 vocabulum3
462 1357 497 1390 2.
528 1355 745 1401 intellegere
775 1356 832 1392 vel
860 1357 1118 1404 interpretari;
1160 1357 1195 1392 3.
1226 1357 1350 1403 legere
1385 1356 1506 1405 (varia
1532 1369 1572 1393 re
1602 1370 1690 1394 vera
1724 1357 1877 1395 affertur
1904 1356 2047 1405 lectio);
2101 1358 2137 1393 4.
2165 1356 2328 1393 scribere
2356 1353 2411 1403 (in

174 1415 283 1454 rebus
313 1413 646 1466 orthographicis);
688 1415 725 1453 5.
753 1416 994 1465 pronuntiare
1024 1416 1233 1461 enuntiata;
1279 1417 1314 1454 6.
1346 1417 1606 1466 cognominare
1635 1415 1707 1468 (2²).

298 1476 480 1520 Quoniam
522 1477 857 1514 demonstravimus
902 1477 1121 1523 ἀνάγνωσιν
1157 1482 1194 1514 et
1231 1478 1503 1524 ἀναγινώσκειν
1544 1480 1693 1517 vocibus
1730 1483 1854 1516 varias
1895 1480 2072 1516 lectiones
2120 1491 2193 1515 non
2228 1478 2409 1522 denotari,

174 1538 246 1577 nisi
286 1538 396 1577 simul
444 1550 504 1576 res
545 1541 603 1576 est
643 1539 688 1577 de
729 1539 991 1578 vocabulorum
1034 1540 1353 1578 enuntiatorumve
1398 1541 1699 1590 pronuntiatione
1745 1544 1809 1579 aut
1850 1541 2049 1585 similibus,
2108 1552 2204 1579 nunc
2248 1539 2412 1578 breviter

175 1601 431 1638 disserendum
465 1603 521 1637 est
563 1600 608 1637 de
637 1601 682 1637 iis
711 1601 919 1648 vocabulis,
965 1602 1096 1650 quibus
1133 1613 1244 1639 verae
1287 1602 1465 1638 lectiones
1503 1603 1647 1648 variae,
1686 1606 1726 1639 ut
1764 1604 1883 1640 altera
1919 1614 1990 1639 vox
2033 1603 2084 1639 sit
2118 1602 2272 1639 alterius
2315 1601 2409 1648 1060,

174 1662 442 1710 significantur.

300 1723 463 1767 Quorum
491 1723 611 1772 primo
640 1724 721 1761 loco
751 1724 1004 1762 collocandum
1035 1727 1091 1762 est
1119 1722 1243 1772 γραφή
1272 1724 1501 1761 vocabulum.
1558 1725 1680 1775 Atque
1709 1725 1804 1763 hunc
1831 1725 1948 1762 variae
1977 1724 2137 1762 lectionis
2165 1735 2324 1770 sensum,
2353 1723 2411 1761 cui

174 1798 248 1822 non
267 1786 583 1834 pronuntiationis
612 1798 726 1832 genus
752 1789 816 1822 aut
833 1786 953 1822 simile
982 1787 1183 1834 quidquam
1210 1787 1442 1834 suppositum
1471 1789 1538 1831 est,
1567 1800 1714 1835 semper
1740 1787 1811 1823 sibi
1843 1787 1941 1835 apud
1966 1786 2165 1834 Didymum
2192 1785 2409 1823 vocabulum

175 1851 345 1898 occupat.
419 1846 505 1884 Did.
534 1852 570 1885 Β
591 1849 661 1885 111
691 1844 801 1896 μέγα]
838 1876 922 1884 .....
956 1846 1024 1895 τὴν
1054 1846 1150 1896 μετά
1179 1845 1245 1883 τοῦ
1276 1844 1307 1883 ‹r‘
1332 1845 1499 1896 γραᾳήν;
1538 1860 1666 1886 sensus
1701 1851 1771 1886 est:
1827 1849 1952 1886 variae
1995 1847 2194 1886 exstabant
2232 1846 2410 1885 lectiones

172 1914 289 1957 με’γας
317 1912 355 1947 et
377 1912 486 1956 μέγα,
515 1920 670 1958 quarum
698 1910 855 1946 alteram
883 1910 992 1946 alteri
1020 1910 1240 1958 probabant.
1295 1909 1366 1946 Sed
1395 1921 1475 1946 cum
1504 1909 1562 1946 hic
1591 1910 1636 1947 de
1664 1922 1737 1947 una
1764 1911 1901 1956 littera,
1929 1914 2005 1947 tum
2035 1910 2080 1947 de
2107 1910 2196 1946 totis
2223 1909 2410 1947 vocabulis

174 1971 276 2009 varie
303 1971 454 2009 traditis
483 1971 607 2019 agitur
634 1970 720 2008 Did.
748 1973 783 2006 Z
803 1971 852 2008 76
881 1970 1123 2008 οἰωνοπόλων
1150 1969 1203 2017 ὄχ’
1229 1967 1395 2019 ἄριστος]
1428 1968 1639 2017 Ἀμμώνιος
1662 1974 1891 2019 προφέρεται
1918 1978 1981 2007 καὶ
2007 1968 2148 2019 ταύτην
2175 1968 2242 2019 τήν
2262 1968 2411 2019 γραφήν

174 2032 396 2081 „minag
428 2031 460 2068 τ’
483 2030 811 2075 οίωνοπόλος
842 2031 932 2070 τε“.
989 2031 1098 2068 Vocis
1131 2042 1260 2068 sensus
1295 2033 1331 2068 et
1361 2042 1444 2068 usus
1480 2032 1532 2068 ita
1563 2031 1697 2080 planus
1731 2035 1805 2077 est,
1841 2035 1880 2069 ut
1909 2031 2051 2081 reliqua
2085 2030 2235 2080 Didymi
2269 2030 2410 2069 scholia

176 2107 412 2134 enumerasse
440 2096 533 2133 satis
561 2094 778 2133 habeamus:
821 2097 855 2130 Γ
872 2095 931 2141 18,
952 2094 1027 2131 226
1055 2096 1087 2128 Δ
1107 2094 1130 2129 3
1158 2096 1192 2128 E
1214 2093 1285 2130 118
1315 2094 1349 2128 Θ
1373 2094 1448 2130 526
1477 2096 1495 2128 1
1513 2094 1602 2140 349,
1622 2094 1697 2131 654
1732 2096 1763 2129 K
1784 2095 1833 2131 53
1862 2097 1896 2129 Ν
1918 2095 1964 2131 12
1991 2092 2029 2131 Ξ
2047 2094 2094 2130 37
2125 2095 2156 2128 Ο
2175 2093 2250 2130 252
2278 2095 2318 2128 H
2333 2093 2409 2130 466

174 2160 207 2194 Σ
225 2158 314 2206 207,
334 2159 423 2204 492,
444 2158 519 2195 565
549 2158 585 2193 Φ
605 2158 692 2195 265.
761 2157 835 2195 Sed
866 2157 1033 2195 scholion
1071 2157 1104 2191 Z
1128 2156 1194 2192 121
1236 2184 1321 2191 .....
1350 2152 1547 2203 εἰρήκαμεν
1578 2154 1827 2204 ’Λριστάρχου
1859 2153 1955 2192 εἶναι
1987 2154 2056 2205 τήν
2087 2153 2218 2203 δυικῆν
2249 2154 2409 2204 γραφῆν,

176 2232 227 2258 sc.
256 2219 356 2257 ἰόντε
382 2232 450 2270 pro
480 2220 649 2258 codicum
676 2219 815 2266 ἰόντες,
853 2220 885 2256 si
913 2218 1131 2268 perlegeris,
1168 2217 1206 2253 in
1237 2218 1346 2253 dubio
1377 2228 1456 2254 esse
1484 2217 1637 2265 poteris,
1674 2220 1796 2253 utrum
1824 2217 1949 2265 γραφὴ
1983 2217 2033 2254 sit
2060 2217 2169 2254 lectio
2199 2217 2323 2263 varia,
2362 2228 2410 2254 an

173 2284 292 2330 magis
321 2283 559 2329 constructio,
588 2285 630 2319 ut
655 2282 714 2318 hic
742 2283 806 2319 fiat
832 2292 980 2318 sensus:
1024 2280 1136 2317 talem
1166 2279 1477 2316 constructionem
1504 2290 1695 2315 numerum
1724 2278 1868 2316 dualem
1897 2278 2107 2327 amplexam
2136 2279 2174 2314 in
2200 2278 2407 2316 Aristarchi

177 2344 443 2382 consuetudine
472 2356 552 2382 esse
580 2356 695 2393 supra
723 2343 1066 2381 demonstravimus.

298 2405 495 2454 Duplicem
539 2406 636 2442 enim
675 2404 769 2442 hanc
803 2405 876 2441 vim
918 2407 956 2441 et
990 2404 1115 2440 variae
1145 2403 1314 2440 lectionis
1348 2406 1384 2439 et
1418 2402 1702 2439 constructionis
1732 2403 1963 2440 Aristonicus
2005 2402 2181 2439 vocabulo
2223 2401 2407 2439 attribuit.

174 2466 290 2505 Varia
324 2466 435 2504 lectio
471 2467 692 2504 subauditur
725 2467 791 2504 Ar.
821 2468 855 2501 Z
874 2466 898 2503 4
933 2473 1010 2509 τοῖς
1036 2462 1107 2512 γάρ
1134 2461 1202 2500 τοῦ
1230 2461 1484 2510 ναυστάθμου
1511 2461 1640 2506 τόποις
1668 2462 1689 2512 ἦ
1716 2463 1841 2512 γραφή
1868 2465 2067 2512 συμφέρει,
2101 2474 2152 2500 sc.
2181 2462 2294 2500 verba
2320 2473 2406 2510 μεσ-

174 2528 284 2578 σηγύς
313 2528 517 2575 Σιμόεντος
549 2528 604 2564 ἰδὲ
636 2527 819 2566 Ξάνθοιο
854 2527 1000 2576 ῥοάων,
1041 2537 1135 2575 quae
1170 2523 1408 2561 Aristarchus
1447 2527 1653 2561 mutaverat
1693 2536 1772 2560 cum
1809 2525 1975 2561 codicum
2009 2524 2183 2562 lectione:
2226 2522 2408 2572 μεσσηγύς

173 2597 366 2638 ποταμοῖο
398 2588 658 2638 Σκαμάνδρου
690 2592 753 2624 καὶ
786 2589 1062 2637 στομαλι’μνης,·
1102 2587 1148 2624 cf.
1178 2587 1244 2623 Ar.
1272 2588 1308 2620 11
1327 2586 1402 2622 234
1432 2587 1462 2620 Κ
1485 2586 1571 2623 308.
1629 2585 1925 2624 Construciionem
1953 2587 2116 2624 enuntiati
2144 2598 2230 2625 vero
2259 2584 2408 2635 γραᾳῄν

302 2711 325 2751 ¹)
354 2711 401 2743 Cf.
422 2711 694 2743 Friedlaenderus:
723 2711 885 2743 Nicanoris
907 2711 994 2749 reliq.
1019 2720 1046 2750 p.
1063 2711 1134 2742 206.

302 2763 325 2802 ²)
358 2763 471 2794 Forma
492 2763 601 2794 scholii
622 2763 791 2794 Aristonici
814 2767 871 2800 est,
895 2768 1115 2802 argumentum
1138 2761 1322 2799 Herodiani,
1345 2761 1375 2792 id
1398 2761 1476 2800 quod
1499 2762 1675 2793 affirmatur
1695 2763 1832 2802 proximo
1854 2762 1982 2799 scholio,
2011 2762 2091 2801 quod
2112 2762 2287 2793 Herodiano
2309 2761 2406 2793 tribu-

176 2820 269 2847 erunt
291 2815 440 2846 Lehrsius
462 2819 495 2845 et
516 2815 677 2846 Lentzius.
720 2816 826 2854 Neque
850 2819 955 2845 tamen
977 2819 1034 2845 aut
1056 2815 1088 2845 hi
1110 2814 1170 2845 viri
1192 2814 1275 2845 docti
1297 2818 1354 2844 aut
1375 2813 1634 2845 Friedlaenderus
1655 2815 1711 2846 hoc
1733 2814 1881 2846 scholium
1903 2818 2094 2854 receperunt.

303 2866 326 2909 ⁸)
349 2866 398 2897 Cf.
420 2867 457 2897 de
480 2867 537 2897 hoc
559 2866 673 2897 scholio
696 2867 811 2897 Lentz:
843 2866 955 2897 Herod.
971 2867 995 2903 1,
1017 2866 1150 2905 praefat.
1173 2875 1202 2905 p.
1218 2865 1357 2896 LXXXI.
