2559 3053
1272 138 1322 173 22

178 258 305 296 debuit
332 257 397 307 (cf.
418 258 593 296 Ludwich
613 259 640 305 I,
660 258 752 307 420)
781 260 914 296 Ρ214.
970 260 1113 297 Similia
1140 260 1298 310 denique
1325 262 1526 298 memoriae
1554 261 1761 309 produntur
1789 260 1835 298 de
1855 260 2072 298 Aristarcho
2101 264 2140 299 et
2161 261 2412 311 Aristophane

176 324 217 356 H
241 320 333 366 198,
369 320 415 357 de
443 319 661 357 Aristarcho
695 324 732 358 et
759 319 949 358 Zenodoto
989 324 1026 359 et
1052 321 1222 370 plurimis
1263 322 1343 368 (καὶ
1369 321 1410 358 αἱ
1434 322 1585 364 πλείους
1610 318 1727 368 ε’χον)
1756 323 1790 357 Κ
1809 323 1897 359 291.
1950 321 2009 359 Ab
2038 322 2094 360 his
2122 322 2272 361 scholiis
2299 322 2409 360 modo

174 380 316 428 verbis,
353 393 428 419 non
461 394 572 420 sensu
607 382 769 420 alienum
803 385 859 420 est
892 382 984 420 illud
1012 382 1163 432 Didymi
1190 387 1226 420 B
1245 385 1317 421 221
1348 384 1401 435 τῷ
1424 383 1495 433 γάρ
1523 381 1723 434 νεικείεσκε]
1757 383 1831 420 κᾶν
1855 391 1939 427 ταῖς
1964 382 2216 432 ’Λριστοίρχου
2242 383 2409 423 ἐκδόσεσι

175 442 309 486 &manig
334 440 405 491 εἶχε
430 442 474 479 τὸ
500 442 562 491 τώ,
598 444 622 480 i.
644 456 675 480 e.
704 456 877 482 numerus
907 444 1027 482 dualis
1055 445 1094 482 in
1120 445 1327 483 Aristarchi
1356 445 1578 484 editionibus
1605 445 1765 482 traditus
1793 447 1885 482 erat.

300 502 456 541 Prorsus
494 507 618 542 tamen
655 505 700 543 ab
737 505 806 543 hac
842 506 946 544 verbi
982 507 1018 543 vi
1053 507 1213 544 discedit
1250 519 1313 553 ea,
1358 519 1469 558 quam
1505 507 1645 544 formae
1691 506 1862 556 passivae
1901 504 2070 543 attribuit
2105 503 2281 554 Nicanor,
2318 519 2350 545 e.
2370 519 2405 556 g.

174 570 214 604 A
239 567 314 603 573
351 563 504 614 οἷνεκτοῖ]
545 566 798 604 διασταλτέον
823 569 885 605 ἐπὶ
912 567 956 605 τὸ
983 568 1132 606 ἀνεκτά.
1191 570 1312 616 ἔχεται
1341 569 1411 618 γάρ
1438 567 1514 608 τῶν
1540 567 1637 619 ἑξῆς,
1674 573 1712 607 et
1739 572 1772 605 Γ
1789 569 1861 606 166
1893 568 1998 604 ἔσται
2029 566 2104 603 τῶν
2132 567 2213 604 ἄνω
2237 567 2412 616 ἐχόμενος

175 627 195 664 ὁ
213 627 341 675 λόγος
367 629 434 665 i.e.
463 629 582 677 primo
603 628 704 665 loco:
737 627 877 666 α’νεκτιὶ
904 641 976 666 vox
996 642 1042 667 ex
1061 643 1170 669 sensu
1203 635 1239 669 et
1258 632 1523 679 grammaticae
1546 631 1689 680 legibus
1707 643 1787 669 cum
1808 630 1987 680 proximis
2012 628 2133 666 verbis
2154 628 2411 677 coniungenda

174 693 242 737 est,
272 702 354 728 cum
380 691 466 728 inde
495 690 657 738 pendeat,
687 694 723 729 et
752 691 870 730 altero
899 692 998 729 loco:
1039 705 1061 730 a
1087 694 1339 743 superioribus
1368 694 1599 732 enuntiatum
1626 693 1816 743 pendebit.

297 753 382 790 Jam
411 747 498 791 vero
526 750 648 791 εἶναι
674 753 805 802 παροέ
831 768 922 791 τινι
950 756 1102 793 verbum
1130 769 1203 794 non
1231 756 1477 805 deprehendi,
1505 757 1578 793 nisi
1607 757 1805 793 adnotatur
1832 756 1870 792 in
1897 755 2059 792 editione
2080 753 2158 791 ulla
2186 763 2323 792 versum
2341 763 2408 791 non

173 813 329 860 reperiri.
386 814 573 864 Scriptum
599 815 754 863 legimus
785 814 869 854 Did.
891 822 930 855 A
953 817 999 854 13
1026 816 1137 865 παρά
1165 817 1368 867 Ζηνοδότῳ
1396 817 1437 855 δὲ
1462 815 1549 855 οὑδὲ
1576 815 1725 866 ἠσαιν,1)
1753 821 1789 855 et
1807 816 1944 855 similia
1970 815 2008 855 Ξ
2028 816 2114 862 114,
2141 817 2182 853 ut
2199 815 2408 864 promiscue

176 887 257 912 cum
288 874 443 912 α’θετεῐν
468 876 581 914 verbo
610 877 786 915 collocari
814 878 997 916 videatur.

295 937 396 984 Alia,
426 950 520 988 quae
549 938 617 976 huc
645 942 829 988 spectant,
857 940 983 987 verba,
1014 941 1162 991 saepius
1191 941 1289 979 inter
1309 953 1348 978 se
1368 941 1594 990 permutata,
1623 942 1708 976 sunt
1735 942 1891 988 φέρειν
1919 941 1956 976 et
1983 937 2142 987 εὕρειν.
2197 938 2253 975 Ac
2282 940 2409 986 φέρειν

170 1000 276 1036 iulius
296 999 447 1048 Didymi
474 1001 512 1036 in
540 1013 608 1037 usu
628 1004 695 1045 est,
725 1002 796 1038 nisi
825 1002 870 1038 ab
900 1014 942 1039 eo
971 1002 1153 1050 abrogare
1182 1004 1236 1040 vis
1268 1003 1432 1040 scholion
1462 1005 1509 1037 M
1525 1002 1573 1038 33
1602 1000 1719 1043 οὑτως
1738 1003 1918 1048 φέρουσιν
1936 998 2004 1048 τήν
2023 999 2171 1048 γραφήν
2195 1004 2288 1037 ΙΕΝ
2316 999 2407 1045 urat„

169 1072 221 1098 sc.
241 1072 309 1111 pro
331 1061 498 1099 codicum
526 1064 573 1114 ἴῃ.
632 1061 782 1112 Didymi
811 1063 909 1101 enim
937 1063 975 1101 in
993 1063 1142 1103 scholiis
1170 1076 1317 1114 semper
1344 1064 1532 1114 passivum
1560 1065 1712 1111 φέρεται
1740 1062 1799 1101 vel
1819 1061 1955 1100 similia
1981 1061 2229 1109 inveniuntur,
2258 1062 2298 1098 ut
2316 1059 2407 1099 haec

168 1123 243 1159 sint
269 1123 492 1160 scholiorum
520 1124 647 1169 verba,
681 1137 712 1161 e.
731 1136 764 1171 g.
794 1124 878 1162 Did.
900 1128 935 1160 B
955 1126 1025 1163 221
1057 1125 1129 1162 κᾶν
1154 1136 1228 1163 τισι
1257 1126 1298 1163 δὲ
1325 1127 1399 1163 τῶν
1426 1126 1605 1161 παλαιῶν
1630 1122 1914 1173 ὑπομνημάτων
1941 1122 2056 1167 οὕτως
2079 1124 2241 1172 ἐφέρετο,
2266 1134 2318 1160 sc.
2344 1121 2406 1169 τώ,

169 1196 243 1220 non
261 1185 326 1232 τῷ,
355 1186 424 1221 i.e.
453 1186 545 1222 haec
567 1187 670 1222 lectio
690 1187 887 1231 remeatum
926 1188 1044 1223 simm.
1064 1193 1097 1224 A
1120 1190 1143 1224 3
1172 1189 1217 1225 de
1247 1188 1538 1229 commentariis;
1577 1187 1681 1234 ipsae
1709 1186 1944 1222 recensiones
1964 1184 2172 1221 Aristarchi
2199 1183 2405 1221 afferuntur

168 1245 253 1283 Did.
283 1249 318 1282 Z
340 1247 415 1283 288
443 1247 483 1284 ἐν
501 1256 585 1290 ταῖς
610 1248 665 1285 'A.
686 1251 839 1295 φέρεται
859 1254 921 1286 καὶ
940 1249 1094 1297 ἑτέρως;
1130 1251 1248 1287 simm.
1278 1253 1316 1286 N
1338 1251 1431 1293 374;
1470 1247 1738 1296 Aristophanes
1768 1247 1950 1284 excitatur
1978 1247 2094 1292 044;
2126 1245 2280 1284 verbum
2307 1257 2407 1283 com-

168 1308 332 1356 positum
359 1309 541 1358 scriptum
567 1309 705 1357 legitur
733 1314 771 1346 A
792 1311 865 1347 381
897 1313 1086 1359 Θεαγένης
1112 1311 1153 1348 δὲ
1185 1310 1301 1355 οὕτως
1325 1314 1569 1359 προφέρεται.

293 1369 442 1419 Duplex
471 1382 577 1416 usus,
606 1371 702 1408 alter
729 1371 898 1420 Didymi,
939 1371 1035 1408 alter
1063 1370 1269 1409 Herodiani
1305 1373 1372 1410 τοῦ
1397 1371 1659 1421 εὑρίσκειν
1692 1371 1796 1409 verbi
1824 1371 1963 1419 legenti
1999 1370 2171 1407 occurrit.
2226 1368 2405 1418 Didymus

168 1444 211 1468 eo
241 1432 357 1468 utitur
384 1432 592 1480 promiscue
623 1445 704 1469 cum
732 1432 892 1481 γράφειν
919 1437 956 1470 et
984 1436 1171 1481 φέρεσθαι
1201 1434 1248 1471 ad
1275 1435 1398 1471 varias
1426 1434 1604 1471 lectiones
1633 1433 1871 1479 indicandas,
1908 1446 1939 1470 e.
1960 1445 1995 1480 g.
2024 1431 2108 1468 Did.
2138 1435 2173 1467 B
2193 1432 2263 1468 131
2293 1431 2334 1468 ἐν
2360 1431 2407 1481 τῇ

165 1493 274 1541 ἑτέρᾳ
302 1489 381 1530 τῶν
404 1491 697 1541 ἶκίρισταρχείων
725 1493 882 1542 ει“·’ρομεν
907 1494 1070 1533 ἔνεισι
1087 1510 1133 1543 νς
1172 1496 1292 1533 simm.
1320 1502 1353 1534 Δ
1373 1497 1395 1533 3
1419 1500 1455 1534 et
1476 1499 1506 1532 O
1525 1496 1602 1533 470
1627 1493 1789 1543 εὕραμεν
1815 1496 2080 1541 γεγραμμένον.
2147 1491 2406 1531 Recentiorum

167 1552 337 1590 manibus
365 1553 508 1603 scripta
536 1556 623 1590 sunt
650 1554 765 1591 verba
791 1559 826 1591 E
845 1556 916 1593 901
947 1555 988 1593 ἐν
1016 1555 1119 1607 ἄλλῳ
1148 1555 1167 1594 ὁ
1194 1558 1319 1605 στίχος
1346 1555 1412 1605 οἰχ
1438 1555 1612 1606 εὑρηται,·
1653 1555 1700 1592 cf.
1730 1565 1844 1605 supra
1871 1564 1949 1590 s.v.
1979 1551 2045 1590 οὑκ
2070 1551 2166 1589 εἶναι
2193 1551 2304 1601 παρά
2332 1565 2405 1589 τινι

170 1618 206 1651 et
234 1616 373 1651 ³:381.
435 1615 665 1651 Scholiorum
703 1617 1012 1666 interpretatione
1049 1618 1112 1653 vix
1151 1628 1242 1666 opus
1282 1621 1353 1654 est:
1404 1618 1618 1663 verborum,
1659 1620 1696 1653 et
1730 1616 1798 1652 τοῦ
1830 1618 2018 1663 φέρεσθαι
2054 1617 2091 1650 et
2116 1615 2183 1650 τοῦ
2212 1613 2403 1661 εὑρίσκειν,

170 1689 300 1713 sensus
329 1680 385 1714 est
412 1677 515 1714 lectio
543 1678 640 1714 varia
668 1679 958 1715 commemoratur
986 1679 1044 1715 aut
1072 1679 1247 1716 invenitur.
1308 1679 1358 1715 At
1387 1678 1622 1715 Herodianus
1657 1691 1729 1715 non
1767 1677 1934 1714 codicum
1970 1675 2148 1712 lectiones
2185 1675 2252 1712 hoe
2291 1677 2402 1713 verbo

170 1736 292 1782 affert,
320 1738 387 1772 sed
416 1738 551 1772 dicendi
582 1739 865 1775 consuetudinem
895 1741 1082 1787 quandam
1110 1741 1209 1787 apud
1238 1741 1358 1787 ipsum
1386 1744 1534 1787 poetam
1562 1740 1700 1775 inveniri
1730 1739 1821 1774 dicit
1852 1736 1988 1772 Herod.
2016 1739 2048 1770 Ο
2066 1737 2089 1771 3
2117 1737 2263 1782 ἔφαμεν
2285 1737 2326 1771 δὲ
2353 1736 2402 1771 τοὶ

164 1799 339 1846 vetusta,
379 1813 429 1837 sc.
454 1797 577 1846 δάμεν
604 1804 642 1838 et
668 1801 809 1848 ἔδομεν
837 1802 988 1848 formae,
1027 1799 1246 1849 οἷδιαφόρως
1270 1799 1472 1848 εὑρεθῆναι
1499 1799 1608 1847 παρά
1635 1800 1688 1849 τῷ
1713 1795 1862 1850 ποιητῇ.

292 1858 381 1898 Cum
410 1859 466 1900 his
493 1860 684 1901 vocabulis
718 1864 934 1903 κεῖσθαι
969 1862 1061 1902 illud
1089 1861 1312 1910 Aristonici,
1350 1860 1515 1912 quamvis
1543 1871 1660 1912 prope
1697 1859 1874 1900 accedere
1902 1858 2033 1909 ignaro
2060 1857 2249 1907 videatur,
2278 1861 2402 1899 tamen

166 1923 359 1958 minimam
396 1935 475 1959 rem
512 1924 635 1960 habet.
699 1924 794 1960 Nam
820 1929 1020 1975 usurpatur
1056 1926 1209 1962 verbum
1238 1925 1283 1960 ab
1312 1935 1384 1959 uno
1413 1924 1646 1968 Aristonico,
1684 1927 1725 1958 ut
1752 1923 1797 1958 de
1825 1932 1997 1958 versuum
2033 1921 2114 1956 loco
2143 1924 2231 1969 apto
2259 1922 2318 1958 vel
2345 1923 2402 1957 in-

165 1986 251 2031 epto
281 1985 453 2031 disserat,
493 1998 524 2022 e.
546 1998 580 2032 g.
610 1986 677 2021 Ar.
707 1990 741 2021 E
761 1987 834 2022 734
863 1986 918 2022 ὅτι
943 1987 1118 2022 ἐνῑαῦθα
1146 1989 1216 2033 μὲν
1241 1986 1364 2027 καλῶς
1395 1992 1556 2032 κεῖνται,
1592 1984 1633 2021 ἐν
1659 1985 1700 2020 δὲ
1726 1985 1771 2036 τῇ
1794 1982 1890 2032 κόλῳ
1916 1981 2019 2034 μα’χῃ
2146 1980 2191 2019 οὗ
2218 1980 2403 2029 decimo-29,-

165 2046 189 2082 i.
208 2058 239 2083 e.
270 2047 357 2095 quia
384 2047 442 2085 hic
471 2048 622 2097 quidem
651 2048 765 2095 aptum
794 2048 949 2086 obtinent
976 2049 1088 2086 locum
1116 2047 1153 2085 hi
1181 2060 1320 2093 versus,
1350 2060 1421 2084 non
1451 2048 1488 2084 in
1515 2059 1640 2095 pugna
1668 2046 1873 2084 decurtata.
1919 2042 1999 2088 Qua
2026 2045 2065 2082 in
2093 2056 2133 2082 re
2163 2042 2402 2082 diiudicanda

162 2108 219 2145 vir
249 2108 378 2146 doctus
407 2109 462 2147 his
491 2109 678 2148 adverbiis
707 2111 840 2149 utitur:
882 2108 1025 2158 ὀρθῶς,
1062 2110 1086 2147 i.
1111 2121 1143 2147 e.
1172 2121 1238 2147 suo
1267 2109 1347 2146 loco
1383 2114 1417 2148 Z
1436 2109 1512 2147 490
1545 2115 1583 2147 A
1607 2108 1653 2145 13
1686 2111 1720 2145 Ω
1739 2107 1831 2152 341;
1881 2105 1987 2153 ὑγιῶς
2015 2109 2052 2145 et
2077 2105 2200 2150 καλῶς
2234 2107 2334 2145 Ν61
2365 2108 2402 2144 et

162 2172 195 2204 Ω
224 2170 318 2213 210;
363 2170 601 2219 οἰκειότερον,
643 2172 667 2209 i.
695 2184 725 2209 e.
768 2173 890 2221 aptius
925 2172 1096 2209 collocati
1131 2174 1255 2209 essent
1289 2183 1434 2217 versus,
1470 2175 1505 2208 Θ
1525 2171 1618 2213 493;
1664 2168 1785 2211 κακῶς
1817 2172 1852 2206 Κ
1871 2168 1957 2206 208.
1995 2189 2043 2194 -
2086 2167 2127 2205 In
2154 2168 2401 2205 recentiorum

163 2242 308 2280 quoque
337 2243 442 2269 usum
470 2233 621 2270 transiit
647 2233 801 2271 verbum
828 2237 862 2270 E
881 2235 955 2271 842
967 2231 997 2283 ²)
1027 2236 1063 2271 et
1091 2234 1129 2268 H
1147 2232 1233 2270 362.
1253 2230 1283 2280 ³)
1338 2231 1499 2270 Nicanor
1525 2243 1612 2270 vero
1640 2231 1678 2268 in
1704 2241 1810 2268 suam
1836 2230 2019 2267 rationem
2044 2229 2158 2267 vertit
2182 2229 2401 2267 vocabulum

161 2292 199 2331 Ξ
221 2294 294 2330 116
324 2291 434 2336 οὗτος
458 2293 478 2330 ὁ
506 2298 632 2341 στίχος
658 2294 800 2342 μεταξύ
826 2303 960 2331 κεῖται·
989 2293 1032 2330 τό
1060 2294 1101 2330 δὲ
1129 2292 1209 2343 ἑξῆς
1236 2295 1330 2331 κτλ..
1377 2293 1512 2331 Sensus
1541 2293 1638 2330 idem
1668 2295 1736 2338 est,
1765 2303 1874 2341 quem
1901 2291 1994 2328 alias
2023 2290 2077 2328 his
2097 2290 2219 2328 verbis
2239 2290 2399 2328 effictum

161 2354 380 2392 invenimus:
428 2354 476 2397 ὠς
502 2354 571 2392 διοὶ
597 2360 733 2403 μέσου,
773 2357 795 2393 i.
817 2369 848 2394 e.
878 2356 983 2404 quasi
1012 2356 1043 2393 in
1064 2356 1262 2402 parenthesi
1282 2355 1446 2393 collocati
1468 2355 1548 2393 sunt
1565 2364 1713 2399 versus,
1742 2366 1861 2403 neque
1891 2365 1973 2391 cum
2000 2352 2253 2402 superioribus
2280 2365 2399 2402 neque

163 2428 247 2452 cum
281 2417 551 2466 posterioribus
580 2418 713 2455 conexi
741 2420 838 2454 suut.
869 2439 917 2443 —
946 2416 1109 2454 Verbum
1142 2419 1385 2467 compositum
1419 2416 1646 2454 ὑποκεῖσθαι
1682 2416 1873 2466 propriam
1908 2427 2012 2453 suam
2039 2414 2151 2452 habet
2182 2415 2278 2461 vim,
2317 2427 2348 2452 e.
2365 2427 2399 2463 g.

163 2477 250 2514 Did.
290 2480 386 2515 T57
425 2478 525 2515 ἄλλά
552 2484 616 2514 καὶ
644 2480 685 2515 ἐν
712 2481 825 2523 ἐνίοις
853 2478 960 2526 λόγος
991 2478 1175 2527 {nemum
1221 2480 1244 2516 i.
1266 2493 1297 2516 e.
1331 2480 1368 2516 iu
1397 2480 1583 2516 nonnullis
1617 2477 1825 2515 Aristarchi
1862 2477 2135 2515 commentariis
2171 2488 2246 2514 non
2281 2477 2399 2514 solum

161 2552 288 2578 versus
345 2541 476 2578 traditi
514 2544 639 2589 erant,
679 2542 745 2580 sed
776 2541 889 2580 etiam
917 2542 973 2579 rei
1002 2544 1065 2579 aut
1093 2540 1262 2580 lectionis
1302 2554 1412 2580 causa
1452 2542 1540 2579 intra
1575 2540 1692 2578 addita
1728 2539 1816 2577 erat.
1862 2561 1911 2566 —
1959 2538 2113 2589 Saepius
2150 2537 2218 2575 τοῦ
2246 2540 2398 2576 κεῖσθαι

289 2664 312 2702 ¹)
340 2664 483 2703 Spurium
505 2664 632 2704 putavit
652 2674 720 2696 esse
743 2665 820 2697 illud
843 2665 874 2695 ‹l‘i
897 2664 1097 2697 Ludwichius
1112 2665 1137 2703 I,
1156 2665 1225 2697 323.

287 2715 310 2753 ²)
340 2716 419 2747 Vide
448 2716 598 2747 Dindorfii
621 2717 849 2748 adnotationem
871 2718 942 2748 huic
964 2718 1080 2749 scholio
1103 2718 1301 2757 adscriptam.

287 2767 311 2807 ⁸)
338 2768 405 2799 Hoc
427 2769 564 2800 scholion
586 2769 613 2800 si
634 2769 862 2809 comparaveris
885 2779 954 2800 cum
977 2770 1009 2801 E
1024 2770 1085 2801 842
1108 2771 1141 2800 ἕν
1162 2771 1243 2810 ἄλλῳ
1265 2767 1352 2803 οὗτος
1372 2769 1390 2800 ὅ
1405 2773 1508 2810 στίχος
1528 2773 1561 2801 et
1585 2771 1619 2802 H
1632 2769 1694 2800 379
1716 2769 1749 2800 ἕν
1771 2770 1853 2810 ἄλλῳ
1874 2771 1924 2800 καὶ
1946 2767 2032 2805 οὗτος
2052 2771 2125 2808 ami„
2148 2770 2215 2801 inde
2236 2769 2399 2809 apparebit

158 2819 312 2851 curavisse
336 2819 525 2851 Dindorfium
555 2820 697 2860 graviter
719 2820 993 2861 interpungentem
1016 2825 1087 2861 post
1108 2821 1141 2852 ἐν
1163 2821 1254 2862 ἄλλῳ.
1299 2820 1366 2852 Uno
1388 2821 1491 2860 potius
1516 2824 1624 2853 tenore
1644 2821 1750 2861 procul
1773 2820 1865 2853 dubio
1888 2821 2020 2863 legenda
2042 2824 2116 2853 sunt
2136 2821 2245 2853 verba:
2268 2820 2302 2852 ev
2316 2820 2398 2863 ἄλλῳ

160 2872 213 2910 (se.
231 2871 346 2910 codice)
370 2872 420 2901 καὶ
443 2872 578 2901 ἐνταῦθα
600 2877 714 2901 κεῖνται
737 2874 815 2902 κγ)...
