2559 3053
330 451 453 524 Quibus
475 453 649 512 vocabulis
672 455 756 513 artis
778 454 912 513 criticae
933 457 1074 532 propriis
1097 456 1152 512 usi
1173 454 1241 512 sint
1264 453 1391 512 Homeri
1413 453 1551 522 (codicis
1570 453 1685 512 Veneti
1702 453 1747 524 A)
1770 453 1988 512 scholiastae.
2036 452 2218 531 Specimen.

1034 572 1115 610 Von
1141 573 1214 611 Dr.
1234 573 1288 610 H.
1308 574 1545 611 Heubach.

352 880 397 917 Οἱ
427 886 511 930 περὶ
545 885 673 931 τέχνης
702 882 896 925 ἐθέλοντες
929 882 1124 929 διαλαβεῖν
1158 880 1201 920 τό
1233 880 1414 930 χρήσιμον
1445 883 1511 919 τοῦ
1543 882 1687 919 σκοποῦ
1719 881 2016 929 προδεικνύουσι.
2078 882 2180 920 Haec
2214 882 2385 931 Dionysii

172 942 323 979 Thracis
356 942 575 979 scholiastae
611 943 723 979 verba
759 954 839 978 cum
873 943 984 979 etiarn
1018 942 1056 977 in
1089 954 1155 979 nos
1191 942 1313 979 valere
1347 942 1452 979 nobis
1480 943 1711 988 viderentur,
1744 942 1848 978 huius
1877 954 2017 990 quoque
2047 943 2162 979 libelli
2190 943 2385 979 consilium

167 1004 205 1042 in
225 1004 346 1043 medio
365 1015 574 1054 proponere
603 1007 765 1042 nostrum
795 1006 887 1050 erat,
915 1003 986 1041 nisi
1014 1003 1088 1041 iam
1116 1003 1250 1042 abhinc
1278 1015 1393 1042 annos
1422 1007 1595 1054 quattuor
1623 1004 1933 1053 exposuissemus,
1963 1016 2042 1042 cum
2065 1005 2222 1054 primum
2250 1004 2384 1043 indicis

166 1066 283 1102 nostri
320 1066 548 1113 grammatici
589 1066 777 1114 specimen
811 1066 857 1102 de
889 1065 1078 1101 vocabulis
1115 1066 1206 1102 artis
1241 1067 1468 1113 syntacticae
1509 1066 1671 1114 propriis
1707 1066 1747 1102 in
1779 1066 1897 1102 lucem
1932 1067 2191 1103 emitteremus.
2262 1066 2385 1103 Pauca

167 1131 291 1165 tamen
324 1127 412 1166 inde
445 1131 615 1176 repetere
651 1127 777 1165 liceat:
834 1126 875 1164 In
908 1126 963 1164 his
1003 1127 1119 1172 enim,
1159 1139 1210 1164 sc.
1244 1127 1394 1165 Homeri
1431 1128 1652 1173 carminum,
1691 1128 1961 1164 commentariis
1996 1129 2271 1166 conscribendis
2304 1128 2385 1165 fieri

166 1200 240 1225 non
266 1189 406 1238 potuit,
439 1188 527 1237 quin
555 1191 675 1225 certus
709 1188 888 1226 existeret
915 1188 1173 1225 vocabulorum
1203 1200 1303 1231 usus:
1344 1189 1406 1238 qui
1435 1200 1515 1226 cum
1548 1189 1765 1237 saepissime
1794 1188 1944 1225 recedat
1971 1189 2016 1226 ab
2045 1201 2104 1234 ee,
2147 1190 2208 1238 qui
2237 1189 2385 1226 aliunde

166 1250 339 1295 innotuit,
367 1261 440 1286 non
467 1250 597 1286 inutile
624 1250 770 1286 videtur
798 1253 835 1286 et
856 1250 903 1286 ad
924 1249 1064 1286 scholia
1090 1250 1156 1286 illa
1182 1249 1328 1286 facilius
1357 1251 1607 1297 intellegenda
1635 1254 1671 1286 et
1690 1251 1738 1286 ad
1757 1251 1876 1297 ipsam
1905 1252 2166 1296 grammaticae
2194 1251 2386 1287 historiam

169 1310 417 1350 adiuvandam
446 1310 653 1349 accuratius
680 1310 866 1361 inquirere
895 1311 934 1348 in
961 1310 1140 1348 vocabula
1167 1311 1258 1349 artis
1287 1312 1549 1359 grammaticae
1582 1312 1734 1361 propria
1762 1323 1960 1361 eorumque
1988 1313 2156 1350 notiones
2188 1324 2386 1362 exponere.

353 1373 481 1411 Priore
511 1374 622 1421 igitur
650 1373 714 1410 illo
742 1385 838 1411 anno
866 1373 911 1410 de
930 1373 1119 1410 vocabulis
1147 1374 1237 1410 artis
1266 1373 1480 1421 syntacticae
1508 1374 1669 1423 propriis
1697 1374 1886 1423 specimen
1914 1385 2254 1423 composueramus:
2291 1385 2387 1411 nunc

169 1436 214 1473 de
242 1436 392 1473 vocibus
419 1435 468 1472 ad
495 1439 613 1472 artem
647 1436 800 1472 criticam
835 1435 1088 1483 spectantibus
1121 1435 1283 1472 breviter
1318 1448 1428 1482 agere
1464 1437 1501 1471 in
1534 1437 1655 1472 animo
1685 1439 1780 1479 erat,
1819 1440 1858 1471 ut
1892 1437 2066 1484 deinceps
2100 1437 2386 1481 absolveremus,

170 1496 301 1546 quibus
329 1495 518 1534 vocabulis
538 1496 767 1543 grammatici
796 1496 954 1545 primum
980 1496 1231 1544 significarent
1258 1508 1363 1534 omne
1385 1497 1562 1534 librorum
1590 1497 1911 1545 grammaticorum
1940 1509 2065 1544 genus,
2097 1497 2230 1534 deinde
2250 1497 2388 1534 iudicia

168 1559 336 1597 facerent
369 1560 415 1596 de
443 1559 598 1605 singulis
627 1560 827 1595 carminum
857 1559 947 1595 locis
975 1562 1012 1595 et
1039 1559 1337 1603 difficultatibus,
1373 1560 1531 1607 denique
1560 1561 1595 1595 in
1625 1560 1708 1606 ipsa
1736 1560 1866 1595 critica
1893 1563 1973 1595 arte
2008 1563 2045 1595 et
2072 1560 2257 1596 industria
2284 1560 2388 1596 varia

167 1622 372 1657 uterentur.
425 1618 497 1656 Sed
533 1630 641 1668 quam
676 1631 753 1655 rem
786 1622 872 1656 ante
906 1618 970 1656 hos
1005 1631 1141 1668 paucos
1175 1631 1291 1656 annos
1324 1621 1483 1669 primum
1520 1621 1567 1657 ad
1595 1621 1673 1657 eius
1706 1620 1805 1656 modi
1841 1620 1963 1656 studia
1991 1620 2210 1657 accedentes
2238 1620 2312 1657 iam
2339 1619 2388 1656 ad

168 1683 277 1719 finem
303 1682 614 1731 perduxeramus,
649 1682 778 1718 eadem
814 1694 912 1718 nunc
940 1683 1073 1718 iterum
1100 1686 1331 1730 pertractata
1365 1684 1497 1719 mirum
1531 1686 1707 1730 quantum
1735 1686 1842 1724 aucta
1869 1686 1937 1718 est.
1992 1681 2083 1718 Sunt
2110 1682 2201 1719 certi
2230 1682 2387 1729 denique

167 1743 258 1781 fines
294 1745 332 1781 et
357 1754 481 1780 rerum
515 1745 553 1780 et
578 1745 806 1791 temporum,
841 1747 881 1779 ut
908 1744 1099 1792 proposito
1128 1744 1349 1781 desistentes
1382 1744 1505 1781 media
1532 1745 1571 1780 in
1598 1756 1637 1780 re
1665 1743 1865 1780 subsistere
1901 1754 2126 1790 cogeremur.
2181 1742 2308 1791 Itaque
2337 1742 2388 1779 al:

171 1804 285 1842 terius
313 1804 525 1853 speciminis
553 1804 740 1852 specimen
768 1808 909 1840 tantum
939 1805 1049 1842 edere
1076 1816 1281 1853 possumus.

355 1864 411 1901 Ac
437 1865 557 1913 primo
585 1864 665 1900 loco
695 1865 857 1901 breviter
884 1876 1034 1912 agemus
1071 1866 1116 1902 de
1144 1866 1419 1913 singulorum
1452 1865 1667 1903 librorum
1700 1866 2091 1918 grammaticorum
2132 1866 2224 1902 sive
2259 1866 2389 1902 criti-

171 1938 319 1965 corum
354 1925 603 1964 nominibus
640 1930 772 1976 atque
810 1927 1208 1977 inscriptionibus;
1247 1928 1380 1965 deinde
1409 1927 1642 1973 disseremus,
1679 1927 1836 1976 quibus
1865 1926 2095 1964 vocabulis
2124 1939 2197 1964 non
2224 1927 2389 1974 singulos

170 1989 303 2034 libros,
331 1988 399 2025 sed
415 1988 454 2025 in
472 1988 683 2024 universum
709 1991 805 2025 tota
833 2000 981 2026 eorum
1009 2001 1175 2036 genera
1201 1989 1595 2036 significaverint;
1625 1989 1735 2026 tertio
1756 1989 1848 2033 loco,
1877 1988 2036 2037 quibus
2057 1989 2238 2025 vocibus
2267 1989 2389 2037 ipsas

170 2049 396 2088 lectiones
432 2049 581 2086 varias
617 2049 955 2098 appellaverint
995 2053 1038 2088 et
1072 2051 1329 2088 attulerint.
1391 2049 1469 2094 Qua
1496 2051 1534 2087 in
1561 2062 1601 2088 re
1629 2049 1722 2088 hanc
1758 2050 1862 2087 nobis
1897 2050 2123 2099 reposcimus
2161 2050 2386 2095 libertatem,

172 2116 212 2149 ut
239 2114 277 2149 et
303 2111 482 2149 vocabula
510 2111 649 2147 criticis
677 2112 886 2160 propinqua
920 2116 957 2150 et
983 2114 1211 2161 propinquas
1238 2114 1402 2161 ipsorum
1440 2113 1650 2149 criticorum
1677 2113 1865 2158 notiones,
1903 2112 2109 2160 ubicunque
2138 2113 2176 2149 in
2204 2124 2281 2150 rem
2309 2124 2391 2150 esse

172 2172 368 2219 videbitur,
398 2172 588 2222 disputare
616 2171 738 2209 liceat.

1260 2255 1300 2293 1.

360 2347 629 2384 Proficiscimur
665 2359 688 2384 a
722 2347 834 2384 verbo
870 2348 1125 2394 διορθοῦν
1167 2352 1203 2385 et
1238 2360 1260 2384 a
1297 2348 1526 2385 substantivo
1567 2348 1589 2383 δ
1601 2347 1824 2395 ιόρθωσι
1844 2364 1870 2391 ς.
1925 2348 1971 2384 Ut
1999 2350 2095 2385 enim
2123 2349 2392 2386 substantivum

173 2410 273 2446 recte
308 2408 584 2455 intellegamus,
626 2408 663 2444 in
696 2408 846 2444 verbum
878 2411 988 2445 antea
1020 2408 1182 2446 breviter
1219 2409 1445 2457 inquiramus
1485 2420 1635 2446 necesse
1669 2413 1736 2446 est.
1812 2409 2054 2446 Leidenroth:
2102 2408 2236 2446 indicis
2272 2423 2393 2457 gram-

173 2470 298 2507 matici
335 2469 382 2507 ad
415 2469 556 2506 scholia
582 2468 725 2507 Veneta
753 2470 784 2506 A
818 2470 1004 2519 specimen
1018 2468 1066 2519 ²),
1106 2469 1268 2507 Berolini
1305 2471 1404 2508 1884
1440 2471 1540 2520 apud
1576 2470 1610 2508 S.
1635 2470 1793 2519 Calvary
1827 2475 1863 2508 et
1896 2472 2054 2517 socium,
2090 2485 2120 2509 s.
2146 2485 2180 2508 v.
2210 2472 2395 2519 διορθοῦν

175 2532 320 2570 brevius
361 2531 546 2568 emendare
594 2531 859 2580 interpretatus
899 2534 971 2577 est,
1019 2535 1060 2569 ut
1098 2532 1274 2569 facillime
1320 2543 1401 2570 cum
1440 2536 1565 2570 nostro
1613 2533 1811 2570 emendare
1853 2533 2005 2570 verbum
2049 2533 2224 2571 confundi
2264 2534 2392 2582 possit.

173 2593 301 2642 Neque
332 2594 427 2631 enim
460 2593 557 2629 idem
587 2593 658 2630 sibi
683 2593 759 2629 vult
790 2593 939 2630 verbum
968 2592 1164 2640 διορθοῦν,
1193 2594 1291 2642 quod
1315 2606 1381 2630 nos
1409 2595 1562 2631 dicimus
1594 2593 1688 2636 „eine
1709 2594 1820 2632 &elie
1849 2594 2093 2632 cmcnbiere11¹¹.
2147 2595 2245 2632 Vera
2274 2596 2394 2643 potius

365 2705 388 2743 ¹)
416 2705 547 2735 Miretur
573 2704 654 2735 forte
681 2704 834 2743 quispiam
863 2708 1035 2736 retractare
1066 2714 1122 2735 nos
1147 2715 1212 2736 rem
1240 2714 1410 2737 excussam.
1465 2707 1507 2736 At
1534 2706 1771 2736 Leidenrothius
1798 2706 1930 2745 primum
1958 2707 2126 2737 Herodiani
2157 2707 2309 2737 rationem
2336 2716 2397 2736 non

174 2755 300 2793 habuit;
334 2755 442 2786 deinde
470 2756 571 2786 minus
599 2756 814 2786 vocabulorum
840 2754 980 2786 notiones
1006 2755 1202 2794 explicandas
1229 2756 1399 2794 spectavit,
1427 2766 1518 2794 quam
1546 2757 1577 2787 id
1604 2757 1687 2796 egit,
1715 2761 1751 2787 ut
1779 2766 1817 2787 ex
1843 2766 1902 2788 usn
1928 2767 2032 2788 eorum
2058 2758 2095 2788 de
2117 2757 2299 2788 scholiorum
2325 2766 2397 2787 auc-

174 2806 293 2838 toribus
321 2807 399 2838 certi
427 2806 544 2845 aliquid
570 2811 741 2845 statueret;
775 2806 905 2846 denique
927 2816 965 2838 ex
985 2806 1164 2839 litterarum
1191 2807 1295 2839 ordine
1322 2808 1470 2839 vocabula
1493 2810 1566 2837 ιι-ὸ·
1586 2811 1709 2840 tantum
1734 2807 1876 2840 absolvit.
1919 2808 2053 2848 Quorum
2080 2809 2215 2840 omnium
2242 2807 2398 2840 contrari·
2455 2830 2457 2832 -

175 2866 231 2890 nos
256 2857 356 2890 secuti
383 2866 498 2890 sumus.
2411 2857 2428 2866 ⁰
