2559 3053
1154 143 1401 203 mian

283 264 503 316 Plerumque
533 265 748 305 Herodiano
776 279 845 306 usu
873 268 974 306 venit
1003 265 1216 314 ἀνάγνωσις
1241 280 1325 314 vox,
1354 280 1427 317 qua
1456 268 1620 318 explicat
1646 268 1834 306 doctrinas
1861 280 1948 306 suas
1975 269 2022 306 de
2048 268 2291 306 vocabulorum
2309 277 2387 316 pro·

159 329 381 374 nuntiatione,
410 332 530 366 utrum
559 332 733 367 accentus
753 332 883 368 acutus
909 342 957 368 an
976 331 1100 379 gravis
1122 331 1168 368 iis
1187 330 1404 369 tribuendus
1422 330 1487 377 sit,
1514 333 1637 368 utrum
1661 341 1729 380 pro
1750 330 1977 380 compositis,
2006 341 2054 368 an
2071 342 2140 381 pro
2160 330 2389 382 simplicibus

158 403 267 429 voces
295 391 487 430 habendae
516 392 603 438 sint,
633 395 723 430 etc..
780 392 903 442 Atque
932 392 1022 430 haec
1051 396 1108 431 est
1133 393 1330 430 multorum
1366 393 1588 431 scholiorum
1621 393 1802 439 conditio,
1830 396 1872 429 ut
1898 393 2069 431 dubitare
2096 393 2239 442 possis,
2267 395 2390 430 utrum

157 454 206 490 sit
242 452 461 499 ἀνάγνωσις
493 466 533 491 re
569 466 659 492 vera
693 454 793 491 vocis
825 455 1099 503 pronuntiatio,
1136 467 1184 492 an
1216 456 1339 504 potius
1376 455 1485 493 lectio
1519 455 1685 492 codicum
1731 454 2125 504 grammaticorumque
2168 454 2389 492 auctoritate

165 515 325 565 probata
353 518 417 553 aut
443 515 666 565 improbata,
695 516 870 566 quoniam
897 516 1065 567 profecto
1093 517 1241 555 minime
1271 517 1448 556 differunt
1473 518 1571 555 inter
1598 529 1638 555 se
1665 516 1918 567 pronuntiatio
1948 519 1985 555 et
2003 516 2112 555 lectio
2130 516 2197 564 ita,
2224 521 2266 554 ut
2284 515 2390 566 quasi

160 578 276 627 ipsius
304 581 438 615 natura
466 578 577 616 abeat
603 579 858 628 pronuntiatio
885 579 925 616 in
952 579 1162 626 lectionem,
1192 580 1254 618 ubi
1280 580 1385 618 libris
1415 581 1555 618 tradita
1583 583 1639 617 est
1665 591 1733 628 per
1760 580 1982 628 scripturam
2009 578 2146 616 litteris
2175 589 2389 627 expressam

159 642 270 688 atque
300 640 414 677 oculis
443 640 651 687 legendam.
712 640 849 678 Tamen
877 641 1098 689 principalis
1126 641 1190 678 illa
1218 642 1318 678 notio
1347 654 1494 691 semper
1521 640 1756 691 respicienda
1781 643 1851 677 est.
1905 639 2054 677 Initium
2082 640 2198 688 igitur
2225 639 2389 689 capimus

157 700 203 739 ab
232 700 288 739 his
316 701 425 749 locis,
453 701 516 740 ubi
542 702 673 753 procul
701 702 812 741 dubio
840 703 1179 753 pronuntiationem
1212 704 1410 743 subaudies
1445 701 1683 750 ἀνάγνωσινε
1725 701 1864 742 Herod.
1893 707 1929 741 Β
1952 702 2027 741 339
2055 699 2390 751 συνθεσίαιμὸσοι

157 766 198 801 δὲ
216 762 566 811 προπαροξύνοινσι,
585 769 763 802 πταίουσι
776 775 784 783 ·
811 765 875 813 τῆς
893 764 963 812 γάρ
981 769 1294 812 μεταγενεστέρας
1318 766 1498 808 ’Λτθίδος
1521 765 1542 814 ἡ
1560 764 1689 803 τοιάδε
1708 764 1930 811 οἷνάγνωσις,
1959 765 1982 801 i.
2003 776 2035 801 e.
2059 766 2233 801 accentus
2261 765 2389 800 acutus

155 824 323 873 syllabae
351 825 602 874 paenultimae
632 826 848 863 tribuendus
877 828 951 872 est,
982 838 1062 863 cum
1090 825 1205 862 attica
1232 837 1350 875 neque
1380 825 1565 864 homerica
1591 827 1640 864 sit
1667 826 1931 877 pronuntiatio,
1969 838 2042 876 qua
2072 823 2388 875 antepaenultima

156 889 243 924 tono
271 886 443 924 afficitur.
503 887 723 931 Quibuscum
753 889 1042 937 comparandum
1071 891 1127 925 est
1153 887 1267 924 schol.
1289 887 1428 925 Herod.
1457 891 1492 923 B
1510 889 1586 925 532
1618 888 1787 939 συνήθης
1817 887 1888 935 γάρ
1915 886 2109 939 ἡτοιαύτη
2134 886 2200 937 (sc.
2214 884 2389 933 Αὐγειάς,

156 960 230 986 non
251 946 431 997 Αὐγείας)
462 948 675 996 ἀνάγνωσις
698 949 752 999 τῷ
769 950 926 1002 ποιητῇ,
952 949 1195 997 Ἰωνικωτέρα
1216 946 1324 995 οὖσα,
1352 950 1375 986 i.
1392 961 1423 986 e.
1453 950 1591 987 usitata
1618 950 1718 999 apud
1741 952 1891 999 poetam
1919 949 2010 987 haec
2032 949 2284 999 pronuntiatio
2312 948 2389 985 sive

158 1010 216 1047 hic
243 1010 396 1048 ultimae
430 1014 616 1057 accentus,
654 1011 791 1060 qnippe
829 1010 891 1060 qui
924 1010 1041 1059 magis
1081 1011 1276 1048 conveniat
1310 1023 1391 1048 cum
1426 1011 1584 1048 dialecto
1626 1012 1767 1055 ionica;
1814 1011 1933 1049 simm.
1970 1010 2108 1050 Herod.
2144 1011 2288 1058 3269,
2313 1010 2389 1050 599

155 1076 190 1108 Ε
209 1073 284 1109 683
328 1074 451 1110 1614.
521 1073 659 1111 Herod.
693 1079 738 1112 M
762 1074 812 1110 20
844 1076 999 1119 εἴπομεν
1031 1072 1072 1108 δὲ
1099 1071 1155 1107 ὅτι
1189 1072 1233 1109 οὐ
1256 1072 1410 1115 πάντως
1442 1074 1635 1119 ἐπικρατεῖ
1658 1072 1678 1120 ἦ
1703 1074 1765 1109 ἐπὶ
1799 1073 1876 1109 τῶν
1908 1072 2035 1109 ἐθνῶν
2067 1073 2195 1120 χρῆσις
2230 1074 2292 1109 ἐπὶ
2323 1071 2391 1121 τῆν

152 1131 356 1183 Ὁμηρικὴν
375 1133 604 1181 ἀνάγνωσιν.
659 1134 700 1171 In
720 1137 850 1184 aperto
878 1136 936 1172 est
959 1133 1015 1171 his
1044 1133 1193 1183 quidem
1217 1133 1385 1181 scholiis,
1414 1134 1476 1172 ubi
1502 1146 1561 1173 res
1590 1137 1646 1172 est
1672 1137 1757 1181 περὶ
1783 1132 2027 1180 ἀναγνώσεως
2053 1137 2118 1172 aut
2146 1134 2389 1173 dialectorum

155 1198 219 1230 aut
247 1196 430 1242 gentium,
460 1200 524 1232 aut
551 1197 667 1245 ipsius
697 1196 869 1242 Homeri,
898 1196 992 1232 hanc
1020 1207 1147 1232 vocem
1175 1195 1410 1232 referendam
1438 1207 1518 1232 esse
1547 1196 1595 1232 ad
1622 1194 1885 1231 vocabulorum
1911 1194 2264 1242 pronuntiationem.

278 1255 406 1306 Neque
440 1260 565 1296 tamen
598 1258 752 1295 multum
787 1261 848 1296 aut
875 1257 1022 1295 omnino
1055 1269 1130 1294 non
1158 1255 1283 1294 differt
1316 1256 1463 1294 illorum
1502 1256 1725 1294 scholiorum
1758 1267 1870 1293 causa
1902 1255 1948 1293 ab
1976 1254 2124 1303 horum,
2162 1268 2256 1306 quae
2293 1269 2390 1295 nunc

155 1330 409 1368 congeremus,
437 1319 499 1357 ubi
527 1332 594 1370 pro
625 1321 775 1358 lectione
803 1332 883 1358 esse
913 1318 1131 1366 ἀνάγνωσιν
1158 1320 1232 1357 iam
1258 1319 1376 1366 magis
1405 1319 1597 1357 concedes.
1652 1318 1792 1356 Herod.
1821 1321 1857 1354 B
1876 1318 1948 1355 311
1978 1315 2199 1368 στρουθοῖο]
2236 1319 2283 1362 ὥς
2309 1318 2389 1356 ἀπὸ

155 1379 337 1421 ὀξυτόνου
370 1380 522 1425 εὐθείας
549 1381 570 1430 ἡ
596 1381 822 1429 ἀνάγνωσις.
886 1381 992 1420 Licet
1026 1387 1063 1420 et
1089 1381 1156 1419 hoc
1192 1381 1272 1419 loco
1307 1381 1473 1430 disputet
1505 1380 1706 1418 scholiasta
1742 1380 1787 1418 de
1816 1380 1915 1417 vocis
1950 1383 2122 1429 accentu,
2156 1383 2281 1418 tamen
2316 1393 2390 1419 non

155 1442 200 1480 de
227 1446 383 1481 accentu
411 1443 562 1481 dialecti
592 1443 702 1481 ullius
732 1445 897 1493 proprio,
928 1445 995 1482 sed
1013 1445 1275 1493 manuscriptis
1304 1447 1494 1481 asservato
1523 1444 1612 1492 agit,
1641 1447 1681 1480 ut
1700 1446 1737 1480 et
1757 1443 1801 1480 de
1822 1442 1991 1480 vocabuli
2019 1443 2319 1491 pronuntiatione
2351 1448 2388 1483 et

155 1504 200 1542 de
224 1505 392 1542 codicum
412 1505 586 1551 lectione,
616 1517 688 1555 qua
707 1506 893 1544 indicatur
911 1506 989 1552 illa,
1018 1519 1100 1544 eum
1120 1507 1302 1555 cogitasse
1321 1506 1520 1544 verisimile
1548 1506 1613 1550 sit;
1648 1506 1767 1543 simin.
1795 1509 1835 1544 A
1853 1505 1928 1542 396
1957 1507 1993 1543 Β
2007 1505 2082 1543 592
2110 1508 2144 1542 Γ
2160 1506 2236 1544 280
2261 1509 2297 1544 Ζ
2313 1506 2387 1545 367

154 1569 185 1602 Ο
212 1568 300 1604 226.
363 1567 435 1605 Sed
469 1569 514 1605 de
549 1568 704 1616 syllabis
744 1572 808 1605 aut
841 1570 982 1606 voculis
1017 1570 1282 1616 coniungendis
1318 1571 1381 1605 aut
1410 1569 1619 1605 dividendis
1653 1567 1777 1614 agitur
1811 1565 1950 1603 Herod.
1978 1570 2014 1602 B
2038 1568 2112 1603 557
2148 1566 2388 1616 δυοκαίδεκα]

156 1626 361 1676 Πάμφιλος
388 1630 475 1676 τρία
502 1635 606 1666 ποιεῖ
634 1634 697 1665 καὶ
728 1628 828 1666 κατά
860 1628 1085 1678 παράθεσιν
1124 1627 1387 1675 ἀναγινώσκει.
1425 1626 1603 1677 ἀφορμήν
1630 1627 1670 1665 δὲ
1696 1629 1767 1674 ἔχει
1795 1625 1816 1676 ἦ
1840 1626 1940 1664 κατά
1967 1624 2150 1664 σύνθεσιν
2176 1625 2390 1673 ἀνάγνωσις

153 1686 222 1736 τήν
246 1687 444 1736 ποιητικήν
461 1688 605 1736 χρῆσιν.
653 1688 765 1732 Quasi
794 1690 831 1727 in
850 1689 971 1727 medio
1001 1690 1113 1737 igitur
1140 1690 1263 1738 posita
1290 1694 1376 1727 sunt
1403 1690 1492 1726 haec
1520 1688 1672 1734 scholia,
1701 1691 1741 1724 ut
1767 1688 1865 1725 inter
1892 1689 2089 1726 lectionem
2116 1691 2154 1725 et
2171 1689 2388 1737 pronuntia-

155 1748 295 1784 tionem
322 1748 484 1785 titubare
512 1751 646 1796 possis.
700 1752 788 1788 Alia
814 1752 889 1788 iam
917 1752 971 1787 rei
1000 1752 1095 1787 ratio
1124 1754 1180 1787 est
1207 1754 1242 1785 Β
1261 1752 1337 1787 262
1365 1748 1475 1798 αι’δώ]
1511 1750 1613 1785 ἔστιν
1641 1750 1710 1786 οὑν
1737 1747 1756 1785 ὁ
1775 1747 1882 1795 λόγος
1909 1748 2001 1797 ὑπὲρ
2019 1749 2083 1797 τῆς
2109 1749 2389 1797 Ἀρισταρχειόυ

156 1806 402 1855 ἀναγνώσεως
436 1813 499 1846 καὶ
530 1810 593 1859 τῆς
619 1815 921 1862 κατεγνωσμένης
953 1812 1172 1862 προσῳδίας
1207 1809 1331 1861 οὗτος,
1368 1813 1415 1850 cf.
1443 1815 1478 1849 B
1497 1811 1587 1849 585.
1649 1810 1831 1848 Distincte
1865 1810 1978 1858 igitur
2011 1810 2079 1848 hoc
2115 1809 2196 1847 loco
2231 1820 2388 1847 comme-

156 1872 350 1906 morantur
377 1871 585 1908 Aristarchi
614 1872 725 1909 lectio
754 1876 803 1918 et,
833 1885 925 1922 quae
946 1886 1026 1911 cum
1047 1886 1091 1911 ea
1112 1874 1317 1911 arctissime
1346 1886 1488 1911 conexa
1515 1876 1583 1919 est,
1613 1872 1858 1910 condemnata
1884 1872 1985 1909 vocis
2014 1871 2280 1921 pronuntiatio,
2309 1871 2386 1908 sive

155 1934 342 1968 accentus.
388 1931 491 1970 Unde
513 1933 569 1970 ius
589 1934 804 1982 repetimus,
833 1938 874 1971 ιιι
895 1935 1025 1972 eodem
1046 1937 1152 1972 modo
1181 1948 1248 1983 per
1273 1936 1455 1973 lectionem
1483 1938 1667 1971 vertamus
1687 1937 1797 1982 atque
1822 1934 2062 1982 explanemus
2081 1933 2147 1970 has
2165 1933 2386 1970 locutiones:

153 1990 293 2029 Herod.
322 1998 363 2031 A
383 1994 460 2030 294
500 1998 584 2041 περὶ
620 1995 661 2031 δὲ
692 1992 828 2043 ταύτης
857 1995 921 2044 τῆς
954 1995 1199 2042 ἀναγνώσεως
1228 1997 1482 2045 ε’ντελὲστερον
1512 1993 1799 2045 διαληψόμεθα.
1859 1999 1892 2034 Δ
1911 1995 1935 2033 2
1975 1992 2010 2034 οἱ
2040 1993 2109 2033 ἀπ’
2140 1991 2407 2042 Ἀριστάρχου·

153 2056 473 2101 παραγγείλαντες
506 2057 654 2105 διηνεκῆ
687 2056 755 2104 τῆν
792 2056 1026 2103 ἀνάγνωσιν;
1067 2058 1186 2093 simm.
1214 2059 1335 2095 Γ198
1373 2064 1417 2095 M
1438 2059 1529 2101 193;
1576 2056 1709 2093 deinde
1748 2060 1783 2092 Υ
1796 2058 1870 2094 357
1906 2063 1969 2094 καὶ
2001 2058 2159 2104 ἐπείσθη
2195 2052 2313 2107 ταίτῃ
2344 2053 2390 2106 τῇ

154 2112 375 2163 ἀναγνώσει,
409 2130 460 2155 sc.
480 2116 744 2167 Ἀριστάρχου,
772 2118 1047 2168 ἦπαράδοσις;
1080 2123 1120 2157 Λ
1142 2121 1214 2156 175
1240 2117 1409 2169 μητίετα]
1440 2118 1554 2161 osvo).-
1580 2117 1636 2154 ³A.
1658 2144 1741 2154 .....
1760 2123 1823 2155 καῖ
1849 2116 2100 2166 ἐπεκράτησεν
2125 2115 2390 2167 ἡάνάγνωσις,

153 2188 204 2212 sc.
229 2175 373 2224 αὔτοῦ,·
410 2180 528 2215 simm.
559 2184 594 2216 Θ
614 2182 688 2217 527
718 2186 752 2217 Ζ
770 2182 847 2216 422
876 2185 922 2217 Μ
939 2181 1014 2216 158
1042 2181 1080 2218 Ξ
1097 2182 1174 2217 463
1202 2184 1241 2215 X
1258 2181 1319 2216 67.
1374 2180 1515 2217 Eadem
1544 2180 1686 2217 ratione
1714 2178 1931 2226 παράδοσις
1963 2181 2142 2228 usurpata
2169 2180 2226 2217 est
2259 2177 2389 2216 11289

154 2242 175 2275 1
193 2239 270 2276 449
291 2248 330 2279 A
351 2241 427 2278 385
455 2244 539 2288 etc.,
567 2246 608 2279 ut
633 2241 851 2290 παράδοσις
877 2242 935 2280 hic
963 2243 1173 2290 significare
1203 2243 1374 2280 videatur
1400 2243 1609 2287 lectionem,
1638 2252 1732 2290 quae
1761 2241 1834 2278 iam
1861 2240 1961 2278 facta
1989 2244 2046 2278 est
2066 2240 2232 2285 traditio,
2261 2242 2391 2278 contra

153 2298 367 2345 ἀνάγνωσις
392 2304 495 2350 ipsas
514 2304 670 2349 singulas
689 2303 871 2340 lectiones.
913 2303 1014 2340 Idem
1034 2304 1192 2352 denique
1216 2304 1287 2340 sibi
1308 2304 1385 2339 vult
1413 2302 1625 2349 ἀνάγνωσις
1652 2314 1735 2347 vox,
1763 2313 1814 2338 sc.
1834 2301 2003 2337 vocabuli
2034 2301 2387 2350 pronuntiationem,

155 2361 255 2411 apud
284 2362 537 2403 Aristonicum
566 2366 600 2402 Θ
620 2364 698 2402 233
726 2367 763 2403 et
789 2372 828 2404 A
849 2365 937 2411 217,
965 2365 1065 2414 apud
1093 2366 1337 2404 recentiorem
1363 2369 1396 2404 A
1416 2365 1504 2402 539.

277 2424 323 2461 Ut
351 2426 449 2463 vocis
479 2427 709 2473 pronuntiatio
748 2425 960 2472 ἀνάγνωσις
993 2430 1049 2464 est
1082 2428 1182 2476 apud
1217 2427 1470 2465 Herodianum
1505 2430 1542 2464 et
1568 2426 1842 2470 Aristonicum,
1885 2426 1939 2462 ita
1968 2424 2133 2462 enuntiati
2161 2424 2388 2472 pronuntiatio

159 2487 237 2525 sive
265 2487 444 2534 recitatio,
480 2500 551 2537 quo
579 2488 758 2525 vocabulo
793 2499 859 2524 nos
889 2488 1038 2536 quidem
1064 2487 1199 2537 {nostra
1233 2493 1355 2526 aetate
1384 2489 1437 2525 uti
1465 2488 1643 2532 solemus,
1678 2487 1777 2535 apud
1804 2485 2023 2523 Nicanorem
2051 2485 2228 2535 dicitur¹)
2283 2485 2388 2529 Quod

154 2550 195 2586 ut
222 2549 384 2587 dilucide
411 2549 673 2599 perspiciatur,
701 2548 828 2598 paullo
856 2548 973 2586 fusius
1001 2549 1131 2587 scholii
1160 2551 1245 2587 146
1274 2563 1421 2588 causam
1450 2549 1677 2598 explicemus
1705 2560 1855 2586 necesse
1885 2551 1953 2585 est.

748 2613 782 2647 εἰ
807 2610 848 2647 δὲ
875 2615 934 2647 σοὶ
964 2610 1068 2661 αὕτῷ
1094 2610 1220 2659 θυμὸς
1244 2613 1449 2649 ἐπέσσυται
1478 2613 1568 2648 ὡσιέ
1598 2614 1766 2656 νέεσθαι,

754 2671 868 2717 ἔρχεο·
895 2670 976 2718 πάρ
1002 2685 1059 2708 τοι
1087 2670 1184 2718 ὁδός,
1210 2673 1292 2719 νῆες
1315 2671 1354 2708 δέ
1381 2685 1439 2708 τοι
1466 2671 1550 2719 ἄγχι
1578 2668 1790 2718 θαλάσσης.

753 2729 836 2768 ἀλλ’
864 2730 972 2769 ἄλλοι
997 2735 1170 2779 μενέουσι
1196 2731 1500 2781 καρηκομίωντες
1524 2731 1682 2779 Ἀχαιοί,

754 2795 803 2835 εἰς
830 2791 850 2829 ὅ
876 2806 914 2829 κε
939 2806 1009 2839 περ
1039 2794 1177 2841 Τροίην
1205 2792 1471 2840 διαπέρσομεν.
1499 2795 1531 2828 εί
1554 2791 1595 2828 δὲ
1621 2796 1684 2828 καὶ
1711 2788 1819 2827 αὐτοὶ

755 2852 970 2899 φευγόντων
997 2851 1067 2889 σῦν
1094 2858 1200 2900 νηυσὶ
1227 2853 1339 2900 φίλην
1364 2853 1400 2894 ἐς
1425 2853 1595 2898 πατρίδα
1623 2849 1761 2898 rafam]

286 2919 309 2961 ²)
337 2921 376 2954 cf.
399 2920 589 2953 Leidenroth
615 2921 634 2953 1.
651 2930 677 2953 c.
693 2930 717 2953 s.
733 2930 762 2953 v.
