<?xml version="1.0" encoding="UTF-8"?>
<!DOCTYPE html PUBLIC "-//W3C//DTD XHTML 1.0 Transitional//EN"
    "http://www.w3.org/TR/xhtml1/DTD/xhtml1-transitional.dtd">
<html xmlns="http://www.w3.org/1999/xhtml" xml:lang="en" lang="en">
 <head>
  <title>
</title>
<meta http-equiv="Content-Type" content="text/html;charset=utf-8" />
  <meta name='ocr-system' content='tesseract 3.04.00' />
  <meta name='ocr-capabilities' content='ocr_page ocr_carea ocr_par ocr_line ocrx_word'/>
</head>
<body>
  <div class='ocr_page' id='page_1' title='image "./4774738_0017.png"; bbox 0 0 2559 3053; ppageno 0'>
   <div class='ocr_carea' id='block_1_1' title="bbox 121 156 2379 2726">
    <p class='ocr_par' dir='ltr' id='par_1_1' title="bbox 121 156 2379 1253">
     <span class='ocr_line' id='line_1_1' title="bbox 1150 156 1397 215; baseline -0.004 0"><span class='ocrx_word' id='word_1_1' title='bbox 1150 156 1397 215; x_wconf 39' lang='grc' dir='ltr'>ΜΕΝ</span> 
     </span>
     <span class='ocr_line' id='line_1_2' title="bbox 161 279 2379 330; baseline -0.002 -11"><span class='ocrx_word' id='word_1_2' title='bbox 161 290 244 319; x_wconf 84' lang='lat' dir='ltr'>cum</span> <span class='ocrx_word' id='word_1_3' title='bbox 276 279 360 319; x_wconf 76' lang='lat' dir='ltr'>aliis</span> <span class='ocrx_word' id='word_1_4' title='bbox 394 279 614 330; x_wconf 83' lang='lat' dir='ltr'>quibusdam</span> <span class='ocrx_word' id='word_1_5' title='bbox 646 283 681 317; x_wconf 86' lang='lat' dir='ltr'><strong><em>Y</em></strong></span> <span class='ocrx_word' id='word_1_6' title='bbox 700 281 766 328; x_wconf 79' lang='lat'>72,</span> <span class='ocrx_word' id='word_1_7' title='bbox 805 292 886 319; x_wconf 88' lang='lat' dir='ltr'>cum</span> <span class='ocrx_word' id='word_1_8' title='bbox 921 280 1136 319; x_wconf 79' lang='lat' dir='ltr'><strong>Aristarcho</strong></span> <span class='ocrx_word' id='word_1_9' title='bbox 1172 283 1207 318; x_wconf 86' lang='grc' dir='ltr'>Φ</span> <span class='ocrx_word' id='word_1_10' title='bbox 1230 280 1320 323; x_wconf 79' lang='lat'>16‘2;</span> <span class='ocrx_word' id='word_1_11' title='bbox 1367 280 1550 317; x_wconf 78' lang='lat' dir='ltr'>consentit</span> <span class='ocrx_word' id='word_1_12' title='bbox 1586 291 1666 316; x_wconf 89' lang='lat' dir='ltr'>cum</span> <span class='ocrx_word' id='word_1_13' title='bbox 1693 279 1908 316; x_wconf 68' lang='lat' dir='ltr'><strong>Aristarcho</strong></span> <span class='ocrx_word' id='word_1_14' title='bbox 1947 279 2081 316; x_wconf 63' lang='lat'>[²344.</span> <span class='ocrx_word' id='word_1_15' title='bbox 2144 279 2201 316; x_wconf 78' lang='lat' dir='ltr'>Ex</span> <span class='ocrx_word' id='word_1_16' title='bbox 2235 279 2379 328; x_wconf 84' lang='lat' dir='ltr'>reliqua</span> 
     </span>
     <span class='ocr_line' id='line_1_3' title="bbox 121 331 2378 391; baseline 0 -13"><span class='ocrx_word' id='word_1_17' title='bbox 121 331 123 333; x_wconf 31' lang='lat'>¹</span> <span class='ocrx_word' id='word_1_18' title='bbox 161 343 261 379; x_wconf 83' lang='lat' dir='ltr'>vocis</span> <span class='ocrx_word' id='word_1_19' title='bbox 290 342 458 388; x_wconf 86' lang='lat' dir='ltr'>notione,</span> <span class='ocrx_word' id='word_1_20' title='bbox 487 354 557 391; x_wconf 91' lang='lat' dir='ltr'>quo</span> <span class='ocrx_word' id='word_1_21' title='bbox 585 343 742 391; x_wconf 91' lang='lat' dir='ltr'>primum</span> <span class='ocrx_word' id='word_1_22' title='bbox 770 343 999 388; x_wconf 82' lang='lat' dir='ltr'>adducimur,</span> <span class='ocrx_word' id='word_1_23' title='bbox 1037 343 1069 379; x_wconf 91' lang='lat' dir='ltr'>si</span> <span class='ocrx_word' id='word_1_24' title='bbox 1098 343 1359 387; x_wconf 80' lang='lat' dir='ltr'>concludimus,</span> <span class='ocrx_word' id='word_1_25' title='bbox 1389 341 1447 378; x_wconf 83' lang='lat' dir='ltr'>hic</span> <span class='ocrx_word' id='word_1_26' title='bbox 1475 352 1618 389; x_wconf 89' lang='lat' dir='ltr'>quoque</span> <span class='ocrx_word' id='word_1_27' title='bbox 1650 344 1791 378; x_wconf 83' lang='lat' dir='ltr'>textum</span> <span class='ocrx_word' id='word_1_28' title='bbox 1819 341 1922 377; x_wconf 90' lang='lat' dir='ltr'>illum</span> <span class='ocrx_word' id='word_1_29' title='bbox 1951 341 2141 388; x_wconf 85' lang='lat' dir='ltr'>vulgarem</span> <span class='ocrx_word' id='word_1_30' title='bbox 2170 342 2378 390; x_wconf 83' lang='lat' dir='ltr'>aequalium</span> 
     </span>
     <span class='ocr_line' id='line_1_4' title="bbox 161 402 2377 453; baseline 0 -13"><span class='ocrx_word' id='word_1_31' title='bbox 161 406 225 441; x_wconf 84' lang='lat' dir='ltr'>aut</span> <span class='ocrx_word' id='word_1_32' title='bbox 256 405 422 441; x_wconf 86' lang='lat' dir='ltr'>veterum</span> <span class='ocrx_word' id='word_1_33' title='bbox 456 404 777 451; x_wconf 86' lang='lat' dir='ltr'>grammaticorum</span> <span class='ocrx_word' id='word_1_34' title='bbox 811 404 980 442; x_wconf 83' lang='lat' dir='ltr'>doctrina</span> <span class='ocrx_word' id='word_1_35' title='bbox 1013 404 1215 453; x_wconf 87' lang='lat' dir='ltr'>expolitum</span> <span class='ocrx_word' id='word_1_36' title='bbox 1250 403 1499 440; x_wconf 83' lang='lat' dir='ltr'>subaudimus.</span> <span class='ocrx_word' id='word_1_37' title='bbox 1561 403 1611 439; x_wconf 93' lang='lat' dir='ltr'>At</span> <span class='ocrx_word' id='word_1_38' title='bbox 1644 402 1698 440; x_wconf 90' lang='lat' dir='ltr'>his</span> <span class='ocrx_word' id='word_1_39' title='bbox 1736 403 1826 440; x_wconf 87' lang='lat' dir='ltr'>locis</span> <span class='ocrx_word' id='word_1_40' title='bbox 1861 402 1992 439; x_wconf 88' lang='lat' dir='ltr'>horum</span> <span class='ocrx_word' id='word_1_41' title='bbox 2028 402 2218 440; x_wconf 85' lang='lat' dir='ltr'>illorumve</span> <span class='ocrx_word' id='word_1_42' title='bbox 2254 415 2377 450; x_wconf 87' lang='lat' dir='ltr'>gram-</span> 
     </span>
     <span class='ocr_line' id='line_1_5' title="bbox 161 463 2372 515; baseline -0 -13"><span class='ocrx_word' id='word_1_43' title='bbox 161 465 377 502; x_wconf 85' lang='lat' dir='ltr'>maticorum</span> <span class='ocrx_word' id='word_1_44' title='bbox 405 465 582 503; x_wconf 87' lang='lat' dir='ltr'>lectiones</span> <span class='ocrx_word' id='word_1_45' title='bbox 606 477 679 502; x_wconf 92' lang='lat' dir='ltr'>non</span> <span class='ocrx_word' id='word_1_46' title='bbox 698 466 832 515; x_wconf 85' lang='lat' dir='ltr'>probat</span> <span class='ocrx_word' id='word_1_47' title='bbox 852 469 1007 512; x_wconf 82' lang='lat' dir='ltr'>tantum,</span> <span class='ocrx_word' id='word_1_48' title='bbox 1036 466 1102 502; x_wconf 90' lang='lat' dir='ltr'>sed</span> <span class='ocrx_word' id='word_1_49' title='bbox 1129 465 1307 515; x_wconf 87' lang='lat' dir='ltr'>reprobat</span> <span class='ocrx_word' id='word_1_50' title='bbox 1334 476 1476 513; x_wconf 90' lang='lat' dir='ltr'>quoque</span> <span class='ocrx_word' id='word_1_51' title='bbox 1504 463 1719 511; x_wconf 79' lang='grc' dir='ltr'><em>παράδοσις</em></span> <span class='ocrx_word' id='word_1_52' title='bbox 1746 468 1783 501; x_wconf 87' lang='lat' dir='ltr'>et</span> <span class='ocrx_word' id='word_1_53' title='bbox 1801 465 1884 513; x_wconf 88' lang='lat' dir='ltr'>ipsa</span> <span class='ocrx_word' id='word_1_54' title='bbox 1904 465 2008 512; x_wconf 81' lang='lat' dir='ltr'>quasi</span> <span class='ocrx_word' id='word_1_55' title='bbox 2027 476 2113 500; x_wconf 85' lang='lat' dir='ltr'>suas</span> <span class='ocrx_word' id='word_1_56' title='bbox 2133 475 2176 500; x_wconf 84' lang='lat' dir='ltr'>ac</span> <span class='ocrx_word' id='word_1_57' title='bbox 2196 465 2372 511; x_wconf 85' lang='lat' dir='ltr'>genuinas</span> 
     </span>
     <span class='ocr_line' id='line_1_6' title="bbox 161 525 2376 575; baseline -0.001 -12"><span class='ocrx_word' id='word_1_58' title='bbox 161 526 316 574; x_wconf 87' lang='lat' dir='ltr'>praebet</span> <span class='ocrx_word' id='word_1_59' title='bbox 348 526 536 564; x_wconf 87' lang='lat' dir='ltr'>lectiones.</span> <span class='ocrx_word' id='word_1_60' title='bbox 591 528 712 575; x_wconf 83' lang='lat' dir='ltr'>Atque</span> <span class='ocrx_word' id='word_1_61' title='bbox 747 528 839 565; x_wconf 89' lang='lat' dir='ltr'>adeo</span> <span class='ocrx_word' id='word_1_62' title='bbox 875 527 972 564; x_wconf 89' lang='lat' dir='ltr'>valet</span> <span class='ocrx_word' id='word_1_63' title='bbox 1005 526 1096 564; x_wconf 87' lang='lat' dir='ltr'>haec</span> <span class='ocrx_word' id='word_1_64' title='bbox 1129 525 1361 575; x_wconf 70' lang='grc' dir='ltr'><em>παράδοσις,</em></span> <span class='ocrx_word' id='word_1_65' title='bbox 1403 537 1475 574; x_wconf 90' lang='lat' dir='ltr'>qua</span> <span class='ocrx_word' id='word_1_66' title='bbox 1506 525 1564 561; x_wconf 90' lang='lat' dir='ltr'>vel</span> <span class='ocrx_word' id='word_1_67' title='bbox 1598 525 1711 573; x_wconf 90' lang='lat' dir='ltr'>ipsius</span> <span class='ocrx_word' id='word_1_68' title='bbox 1746 525 1949 563; x_wconf 84' lang='lat' dir='ltr'>Aristarchi</span> <span class='ocrx_word' id='word_1_69' title='bbox 1988 526 2175 562; x_wconf 89' lang='lat' dir='ltr'>sententia</span> <span class='ocrx_word' id='word_1_70' title='bbox 2222 525 2376 562; x_wconf 88' lang='lat' dir='ltr'>refutari</span> 
     </span>
     <span class='ocr_line' id='line_1_7' title="bbox 161 584 2375 638; baseline -0.001 -13"><span class='ocrx_word' id='word_1_71' title='bbox 161 587 289 637; x_wconf 84' lang='lat' dir='ltr'>possit.</span> <span class='ocrx_word' id='word_1_72' title='bbox 348 586 476 638; x_wconf 86' lang='lat' dir='ltr'>Neque</span> <span class='ocrx_word' id='word_1_73' title='bbox 509 600 595 626; x_wconf 88' lang='lat' dir='ltr'>vero</span> <span class='ocrx_word' id='word_1_74' title='bbox 628 588 779 626; x_wconf 88' lang='lat' dir='ltr'>reicitur</span> <span class='ocrx_word' id='word_1_75' title='bbox 811 587 1047 627; x_wconf 82' lang='lat' dir='ltr'>Aristarchus</span> <span class='ocrx_word' id='word_1_76' title='bbox 1082 588 1220 634; x_wconf 88' lang='lat' dir='ltr'>causis,</span> <span class='ocrx_word' id='word_1_77' title='bbox 1263 598 1353 637; x_wconf 87' lang='lat' dir='ltr'>quas</span> <span class='ocrx_word' id='word_1_78' title='bbox 1387 586 1552 636; x_wconf 89' lang='lat' dir='ltr'>sequitur</span> <span class='ocrx_word' id='word_1_79' title='bbox 1584 584 1819 634; x_wconf 71' lang='grc' dir='ltr'><em>παράδοσις,</em></span> <span class='ocrx_word' id='word_1_80' title='bbox 1860 586 2107 635; x_wconf 78' lang='lat' dir='ltr'>gravissimis:</span> <span class='ocrx_word' id='word_1_81' title='bbox 2152 589 2375 636; x_wconf 79' lang='lat' dir='ltr'>provocatur</span> 
     </span>
     <span class='ocr_line' id='line_1_8' title="bbox 159 649 2375 700; baseline -0 -14"><span class='ocrx_word' id='word_1_82' title='bbox 159 650 283 699; x_wconf 87' lang='lat' dir='ltr'>potius</span> <span class='ocrx_word' id='word_1_83' title='bbox 318 650 364 687; x_wconf 87' lang='lat' dir='ltr'>ab</span> <span class='ocrx_word' id='word_1_84' title='bbox 399 649 613 687; x_wconf 85' lang='lat' dir='ltr'>Herodiano</span> <span class='ocrx_word' id='word_1_85' title='bbox 648 650 703 687; x_wconf 91' lang='lat' dir='ltr'>his</span> <span class='ocrx_word' id='word_1_86' title='bbox 731 651 822 687; x_wconf 85' lang='lat' dir='ltr'>locis</span> <span class='ocrx_word' id='word_1_87' title='bbox 855 653 1031 700; x_wconf 88' lang='lat' dir='ltr'>tanquam</span> <span class='ocrx_word' id='word_1_88' title='bbox 1066 651 1113 688; x_wconf 91' lang='lat' dir='ltr'>ad</span> <span class='ocrx_word' id='word_1_89' title='bbox 1141 651 1214 686; x_wconf 89' lang='lat' dir='ltr'>vim</span> <span class='ocrx_word' id='word_1_90' title='bbox 1241 650 1570 696; x_wconf 71' lang='lat' dir='ltr'>auctoritatemque</span> <span class='ocrx_word' id='word_1_91' title='bbox 1598 649 1786 685; x_wconf 81' lang='lat' dir='ltr'>maiorem.</span> <span class='ocrx_word' id='word_1_92' title='bbox 1847 649 1912 686; x_wconf 90' lang='lat' dir='ltr'>Ille</span> <span class='ocrx_word' id='word_1_93' title='bbox 1942 653 2063 686; x_wconf 86' lang='lat' dir='ltr'>autem</span> <span class='ocrx_word' id='word_1_94' title='bbox 2091 653 2232 694; x_wconf 81' lang='lat' dir='ltr'>textus,</span> <span class='ocrx_word' id='word_1_95' title='bbox 2268 662 2375 697; x_wconf 82' lang='lat' dir='ltr'>quem</span> 
     </span>
     <span class='ocr_line' id='line_1_9' title="bbox 160 710 2372 762; baseline -0.001 -12"><span class='ocrx_word' id='word_1_96' title='bbox 160 724 274 762; x_wconf 85' lang='lat' dir='ltr'>supra</span> <span class='ocrx_word' id='word_1_97' title='bbox 300 715 375 750; x_wconf 83' lang='lat' dir='ltr'>tam</span> <span class='ocrx_word' id='word_1_98' title='bbox 403 724 515 761; x_wconf 85' lang='lat' dir='ltr'>saepe</span> <span class='ocrx_word' id='word_1_99' title='bbox 544 724 692 760; x_wconf 82' lang='lat' dir='ltr'>caecum</span> <span class='ocrx_word' id='word_1_100' title='bbox 720 712 1027 761; x_wconf 87' lang='lat' dir='ltr'>deprehendimus</span> <span class='ocrx_word' id='word_1_101' title='bbox 1054 711 1263 750; x_wconf 82' lang='lat' dir='ltr'>Aristarchi</span> <span class='ocrx_word' id='word_1_102' title='bbox 1290 711 1518 760; x_wconf 90' lang='lat' dir='ltr'>aliorumque</span> <span class='ocrx_word' id='word_1_103' title='bbox 1546 710 1786 756; x_wconf 80' lang='lat' dir='ltr'>laudatorem,</span> <span class='ocrx_word' id='word_1_104' title='bbox 1816 712 1902 760; x_wconf 94' lang='lat' dir='ltr'>quin</span> <span class='ocrx_word' id='word_1_105' title='bbox 1931 715 2072 749; x_wconf 86' lang='lat' dir='ltr'>tantam</span> <span class='ocrx_word' id='word_1_106' title='bbox 2101 712 2173 748; x_wconf 91' lang='lat' dir='ltr'>vim</span> <span class='ocrx_word' id='word_1_107' title='bbox 2194 711 2264 749; x_wconf 88' lang='lat' dir='ltr'>sibi</span> <span class='ocrx_word' id='word_1_108' title='bbox 2293 712 2372 748; x_wconf 84' lang='lat' dir='ltr'>vin-</span> 
     </span>
     <span class='ocr_line' id='line_1_10' title="bbox 159 771 2371 824; baseline -0.001 -13"><span class='ocrx_word' id='word_1_109' title='bbox 159 774 286 812; x_wconf 87' lang='lat' dir='ltr'>dicare</span> <span class='ocrx_word' id='word_1_110' title='bbox 319 774 458 824; x_wconf 84' lang='lat' dir='ltr'>possit,</span> <span class='ocrx_word' id='word_1_111' title='bbox 494 774 575 823; x_wconf 91' lang='lat' dir='ltr'>quis</span> <span class='ocrx_word' id='word_1_112' title='bbox 604 777 677 820; x_wconf 85' lang='lat' dir='ltr'>est,</span> <span class='ocrx_word' id='word_1_113' title='bbox 711 774 799 823; x_wconf 90' lang='lat' dir='ltr'>quin</span> <span class='ocrx_word' id='word_1_114' title='bbox 833 774 998 812; x_wconf 84' lang='lat' dir='ltr'>dubitet?</span> <span class='ocrx_word' id='word_1_115' title='bbox 1060 773 1188 823; x_wconf 87' lang='lat' dir='ltr'>Itaque</span> <span class='ocrx_word' id='word_1_116' title='bbox 1222 773 1277 810; x_wconf 90' lang='lat' dir='ltr'>his</span> <span class='ocrx_word' id='word_1_117' title='bbox 1305 773 1395 810; x_wconf 89' lang='lat' dir='ltr'>locis</span> <span class='ocrx_word' id='word_1_118' title='bbox 1437 772 1559 809; x_wconf 85' lang='lat' dir='ltr'>meiius</span> <span class='ocrx_word' id='word_1_119' title='bbox 1587 771 1690 818; x_wconf 76' lang='lat' dir='ltr'>atque</span> <span class='ocrx_word' id='word_1_120' title='bbox 1717 772 1883 810; x_wconf 82' lang='lat' dir='ltr'>vetustius</span> <span class='ocrx_word' id='word_1_121' title='bbox 1916 774 2014 810; x_wconf 82' lang='lat' dir='ltr'>simui</span> <span class='ocrx_word' id='word_1_122' title='bbox 2044 773 2228 810; x_wconf 83' lang='lat' dir='ltr'>editionum</span> <span class='ocrx_word' id='word_1_123' title='bbox 2263 782 2371 820; x_wconf 74' lang='lat' dir='ltr'>genus</span> 
     </span>
     <span class='ocr_line' id='line_1_11' title="bbox 157 833 2372 884; baseline 0 -11"><span class='ocrx_word' id='word_1_124' title='bbox 157 834 283 884; x_wconf 79' lang='grc' dir='ltr'><em>παρά</em></span> <span class='ocrx_word' id='word_1_125' title='bbox 297 836 431 873; x_wconf 79' lang='grc' dir='ltr'><em>δοσιν</em></span> <span class='ocrx_word' id='word_1_126' title='bbox 462 836 722 874; x_wconf 87' lang='lat' dir='ltr'>subaudiamus</span> <span class='ocrx_word' id='word_1_127' title='bbox 757 849 905 874; x_wconf 86' lang='lat' dir='ltr'>necesse</span> <span class='ocrx_word' id='word_1_128' title='bbox 935 840 1003 874; x_wconf 87' lang='lat' dir='ltr'>est.</span> <span class='ocrx_word' id='word_1_129' title='bbox 1062 835 1209 873; x_wconf 83' lang='lat' dir='ltr'>Dixerit</span> <span class='ocrx_word' id='word_1_130' title='bbox 1235 835 1331 873; x_wconf 87' lang='lat' dir='ltr'>forte</span> <span class='ocrx_word' id='word_1_131' title='bbox 1362 834 1545 883; x_wconf 84' lang='lat' dir='ltr'>quispiam</span> <span class='ocrx_word' id='word_1_132' title='bbox 1572 833 1710 871; x_wconf 88' lang='lat' dir='ltr'>scholio</span> <span class='ocrx_word' id='word_1_133' title='bbox 1745 836 1855 871; x_wconf 81' lang='lat'>1614</span> <span class='ocrx_word' id='word_1_134' title='bbox 1890 836 2004 873; x_wconf 85' lang='lat' dir='ltr'>fusius</span> <span class='ocrx_word' id='word_1_135' title='bbox 2039 836 2235 884; x_wconf 79' lang='lat' dir='ltr'>explanari</span> <span class='ocrx_word' id='word_1_136' title='bbox 2268 835 2372 873; x_wconf 78' lang='lat' dir='ltr'>liuius</span> 
     </span>
     <span class='ocr_line' id='line_1_12' title="bbox 156 895 2371 946; baseline 0 -13"><span class='ocrx_word' id='word_1_137' title='bbox 156 896 404 945; x_wconf 76' lang='grc' dir='ltr'><em>παραδόσεως</em></span> <span class='ocrx_word' id='word_1_138' title='bbox 431 908 594 934; x_wconf 89' lang='lat' dir='ltr'>errorem</span> <span class='ocrx_word' id='word_1_139' title='bbox 621 898 874 945; x_wconf 61' lang='lat' dir='ltr'>gravissimum</span> <span class='ocrx_word' id='word_1_140' title='bbox 903 897 1033 945; x_wconf 75' lang='grc' dir='ltr'><em>(ὁμοία</em></span> <span class='ocrx_word' id='word_1_141' title='bbox 1054 895 1220 946; x_wconf 79' lang='grc' dir='ltr'><em>ἡπλοένη</em></span> <span class='ocrx_word' id='word_1_142' title='bbox 1245 896 1352 942; x_wconf 55' lang='lat' dir='ltr'>na),</span> <span class='ocrx_word' id='word_1_143' title='bbox 1380 899 1420 932; x_wconf 93' lang='lat' dir='ltr'>ut</span> <span class='ocrx_word' id='word_1_144' title='bbox 1447 908 1519 932; x_wconf 89' lang='lat' dir='ltr'>non</span> <span class='ocrx_word' id='word_1_145' title='bbox 1547 895 1696 932; x_wconf 87' lang='lat' dir='ltr'>differat</span> <span class='ocrx_word' id='word_1_146' title='bbox 1724 896 1812 933; x_wconf 84' lang='lat' dir='ltr'>haec</span> <span class='ocrx_word' id='word_1_147' title='bbox 1839 896 2053 942; x_wconf 74' lang='grc' dir='ltr'><em>παράδοσις</em></span> <span class='ocrx_word' id='word_1_148' title='bbox 2081 898 2126 933; x_wconf 86' lang='lat' dir='ltr'>ab</span> <span class='ocrx_word' id='word_1_149' title='bbox 2154 897 2234 935; x_wconf 88' lang='lat' dir='ltr'>illa.</span> <span class='ocrx_word' id='word_1_150' title='bbox 2264 909 2371 945; x_wconf 83' lang='lat' dir='ltr'>quam</span> 
     </span>
     <span class='ocr_line' id='line_1_13' title="bbox 156 956 2373 1008; baseline 0.001 -14"><span class='ocrx_word' id='word_1_151' title='bbox 156 969 270 1007; x_wconf 88' lang='lat' dir='ltr'>supra</span> <span class='ocrx_word' id='word_1_152' title='bbox 298 958 571 1008; x_wconf 80' lang='lat' dir='ltr'>descripsimus.</span> <span class='ocrx_word' id='word_1_153' title='bbox 632 958 682 996; x_wconf 91' lang='lat' dir='ltr'>At</span> <span class='ocrx_word' id='word_1_154' title='bbox 709 959 922 997; x_wconf 88' lang='lat' dir='ltr'>mendosam</span> <span class='ocrx_word' id='word_1_155' title='bbox 955 971 1034 997; x_wconf 90' lang='lat' dir='ltr'>esse</span> <span class='ocrx_word' id='word_1_156' title='bbox 1070 970 1179 1007; x_wconf 88' lang='lat' dir='ltr'>posse</span> <span class='ocrx_word' id='word_1_157' title='bbox 1213 956 1307 994; x_wconf 90' lang='lat' dir='ltr'>hanc</span> <span class='ocrx_word' id='word_1_158' title='bbox 1335 969 1477 1006; x_wconf 88' lang='lat' dir='ltr'>quoque</span> <span class='ocrx_word' id='word_1_159' title='bbox 1520 957 1755 994; x_wconf 86' lang='lat' dir='ltr'>traditionem</span> <span class='ocrx_word' id='word_1_160' title='bbox 1793 970 1855 994; x_wconf 87' lang='lat' dir='ltr'>cur</span> <span class='ocrx_word' id='word_1_161' title='bbox 1883 970 2018 1005; x_wconf 80' lang='lat' dir='ltr'>negare</span> <span class='ocrx_word' id='word_1_162' title='bbox 2057 958 2249 996; x_wconf 81' lang='lat' dir='ltr'>debemus.</span> <span class='ocrx_word' id='word_1_163' title='bbox 2291 971 2373 996; x_wconf 77' lang='lat' dir='ltr'>cum</span> 
     </span>
     <span class='ocr_line' id='line_1_14' title="bbox 155 1010 2372 1068; baseline -0 -13"><span class='ocrx_word' id='word_1_164' title='bbox 155 1019 212 1056; x_wconf 88' lang='lat' dir='ltr'>vel</span> <span class='ocrx_word' id='word_1_165' title='bbox 241 1020 321 1068; x_wconf 91' lang='lat' dir='ltr'>ipse</span> <span class='ocrx_word' id='word_1_166' title='bbox 351 1010 589 1057; x_wconf 80' lang='lat' dir='ltr'>Aristarchus</span> <span class='ocrx_word' id='word_1_167' title='bbox 617 1022 765 1068; x_wconf 89' lang='lat' dir='ltr'>saepius</span> <span class='ocrx_word' id='word_1_168' title='bbox 794 1022 997 1059; x_wconf 81' lang='lat' dir='ltr'>erraverit?</span> <span class='ocrx_word' id='word_1_169' title='bbox 1050 1020 1270 1068; x_wconf 85' lang='lat' dir='ltr'>Repugnare</span> <span class='ocrx_word' id='word_1_170' title='bbox 1299 1019 1456 1067; x_wconf 88' lang='lat' dir='ltr'>denique</span> <span class='ocrx_word' id='word_1_171' title='bbox 1485 1019 1630 1055; x_wconf 90' lang='lat' dir='ltr'>videtur</span> <span class='ocrx_word' id='word_1_172' title='bbox 1663 1020 1785 1055; x_wconf 77' lang='lat' dir='ltr'>T344</span> <span class='ocrx_word' id='word_1_173' title='bbox 1820 1018 2067 1068; x_wconf 69' lang='grc' dir='ltr'><em>διαμετρητῷ]</em></span> <span class='ocrx_word' id='word_1_174' title='bbox 2108 1022 2162 1056; x_wconf 80' lang='lat' dir='ltr'>³A.</span> <span class='ocrx_word' id='word_1_175' title='bbox 2189 1019 2372 1067; x_wconf 67' lang='grc' dir='ltr'><em>περισπᾷ,</em></span> 
     </span>
     <span class='ocr_line' id='line_1_15' title="bbox 155 1079 2370 1130; baseline 0 -16"><span class='ocrx_word' id='word_1_176' title='bbox 155 1084 217 1114; x_wconf 78' lang='grc' dir='ltr'><em>καὶ</em></span> <span class='ocrx_word' id='word_1_177' title='bbox 244 1080 280 1116; x_wconf 76' lang='grc' dir='ltr'>οἱ</span> <span class='ocrx_word' id='word_1_178' title='bbox 306 1079 432 1117; x_wconf 78' lang='grc' dir='ltr'><em>ἄλλοι.</em></span> <span class='ocrx_word' id='word_1_179' title='bbox 474 1086 537 1118; x_wconf 77' lang='grc' dir='ltr'><em>καὶ</em></span> <span class='ocrx_word' id='word_1_180' title='bbox 568 1080 683 1124; x_wconf 78' lang='grc' dir='ltr'><em>οι”τως</em></span> <span class='ocrx_word' id='word_1_181' title='bbox 714 1082 783 1128; x_wconf 74' lang='grc' dir='ltr'><em>ι”χει</em></span> <span class='ocrx_word' id='word_1_182' title='bbox 819 1080 1089 1130; x_wconf 81' lang='grc' dir='ltr'><em>ἦπαριίδοσις.</em></span> <span class='ocrx_word' id='word_1_183' title='bbox 1155 1079 1236 1116; x_wconf 92' lang='lat' dir='ltr'>Duo</span> <span class='ocrx_word' id='word_1_184' title='bbox 1270 1079 1383 1127; x_wconf 88' lang='lat' dir='ltr'>igitur</span> <span class='ocrx_word' id='word_1_185' title='bbox 1422 1081 1541 1129; x_wconf 88' lang='lat' dir='ltr'>primo</span> <span class='ocrx_word' id='word_1_186' title='bbox 1578 1081 1657 1117; x_wconf 79' lang='lat' dir='ltr'>loco</span> <span class='ocrx_word' id='word_1_187' title='bbox 1698 1079 1929 1117; x_wconf 70' lang='lat' dir='ltr'>auctoritatis</span> <span class='ocrx_word' id='word_1_188' title='bbox 1973 1092 2107 1126; x_wconf 78' lang='lat' dir='ltr'>genera</span> <span class='ocrx_word' id='word_1_189' title='bbox 2149 1081 2370 1125; x_wconf 77' lang='lat' dir='ltr'>excitantur,</span> 
     </span>
     <span class='ocr_line' id='line_1_16' title="bbox 155 1139 2372 1191; baseline 0.001 -15"><span class='ocrx_word' id='word_1_190' title='bbox 155 1139 390 1179; x_wconf 84' lang='lat' dir='ltr'>Aristarchus</span> <span class='ocrx_word' id='word_1_191' title='bbox 425 1144 462 1180; x_wconf 85' lang='lat' dir='ltr'>et</span> <span class='ocrx_word' id='word_1_192' title='bbox 489 1141 571 1189; x_wconf 84' lang='lat' dir='ltr'>alii,</span> <span class='ocrx_word' id='word_1_193' title='bbox 606 1142 734 1191; x_wconf 87' lang='lat' dir='ltr'>procul</span> <span class='ocrx_word' id='word_1_194' title='bbox 764 1143 874 1181; x_wconf 90' lang='lat' dir='ltr'>dubio</span> <span class='ocrx_word' id='word_1_195' title='bbox 904 1142 1146 1191; x_wconf 86' lang='lat' dir='ltr'>grammatici.</span> <span class='ocrx_word' id='word_1_196' title='bbox 1200 1140 1301 1185; x_wconf 85' lang='lat' dir='ltr'>Quae</span> <span class='ocrx_word' id='word_1_197' title='bbox 1329 1153 1415 1180; x_wconf 89' lang='lat' dir='ltr'>vero</span> <span class='ocrx_word' id='word_1_198' title='bbox 1443 1146 1645 1191; x_wconf 87' lang='lat' dir='ltr'>sequuntur</span> <span class='ocrx_word' id='word_1_199' title='bbox 1679 1141 1790 1179; x_wconf 86' lang='lat' dir='ltr'>verba</span> <span class='ocrx_word' id='word_1_200' title='bbox 1821 1142 1942 1179; x_wconf 82' lang='lat' dir='ltr'>nescio</span> <span class='ocrx_word' id='word_1_201' title='bbox 1979 1154 2024 1178; x_wconf 88' lang='lat' dir='ltr'>an</span> <span class='ocrx_word' id='word_1_202' title='bbox 2054 1142 2103 1179; x_wconf 84' lang='lat' dir='ltr'>ita</span> <span class='ocrx_word' id='word_1_203' title='bbox 2132 1142 2372 1190; x_wconf 84' lang='lat' dir='ltr'>interpretari</span> 
     </span>
     <span class='ocr_line' id='line_1_17' title="bbox 154 1201 1900 1253; baseline 0.001 -16"><span class='ocrx_word' id='word_1_204' title='bbox 154 1201 274 1247; x_wconf 85' lang='lat' dir='ltr'>liceat,</span> <span class='ocrx_word' id='word_1_205' title='bbox 307 1205 349 1239; x_wconf 87' lang='lat' dir='ltr'>ut</span> <span class='ocrx_word' id='word_1_206' title='bbox 377 1203 527 1240; x_wconf 87' lang='lat' dir='ltr'>tertium</span> <span class='ocrx_word' id='word_1_207' title='bbox 554 1204 788 1242; x_wconf 85' lang='lat' dir='ltr'>auctoritatis</span> <span class='ocrx_word' id='word_1_208' title='bbox 816 1217 930 1253; x_wconf 90' lang='lat' dir='ltr'>genus</span> <span class='ocrx_word' id='word_1_209' title='bbox 958 1204 1032 1241; x_wconf 88' lang='lat' dir='ltr'>illis</span> <span class='ocrx_word' id='word_1_210' title='bbox 1061 1204 1271 1253; x_wconf 89' lang='lat' dir='ltr'>oppositum</span> <span class='ocrx_word' id='word_1_211' title='bbox 1300 1206 1337 1241; x_wconf 89' lang='lat' dir='ltr'>et</span> <span class='ocrx_word' id='word_1_212' title='bbox 1365 1203 1532 1240; x_wconf 91' lang='lat' dir='ltr'>additum</span> <span class='ocrx_word' id='word_1_213' title='bbox 1560 1204 1900 1250; x_wconf 82' lang='lat' dir='ltr'>subintellegamus.</span> 
     </span>
    </p>

    <p class='ocr_par' dir='ltr' id='par_1_2' title="bbox 150 1263 2370 1622">
     <span class='ocr_line' id='line_1_18' title="bbox 338 1263 2370 1315; baseline 0.001 -14"><span class='ocrx_word' id='word_1_214' title='bbox 338 1263 412 1302; x_wconf 88' lang='lat' dir='ltr'>Sed</span> <span class='ocrx_word' id='word_1_215' title='bbox 438 1267 479 1302; x_wconf 83' lang='lat' dir='ltr'>ut</span> <span class='ocrx_word' id='word_1_216' title='bbox 506 1266 655 1303; x_wconf 89' lang='lat' dir='ltr'>tandem</span> <span class='ocrx_word' id='word_1_217' title='bbox 682 1267 795 1303; x_wconf 90' lang='lat' dir='ltr'>totius</span> <span class='ocrx_word' id='word_1_218' title='bbox 824 1266 1084 1315; x_wconf 88' lang='lat' dir='ltr'>disputationis</span> <span class='ocrx_word' id='word_1_219' title='bbox 1118 1276 1297 1302; x_wconf 88' lang='lat' dir='ltr'>summam</span> <span class='ocrx_word' id='word_1_220' title='bbox 1332 1265 1494 1302; x_wconf 90' lang='lat' dir='ltr'>breviter</span> <span class='ocrx_word' id='word_1_221' title='bbox 1523 1265 1766 1314; x_wconf 72' lang='lat' dir='ltr'>explicemus,</span> <span class='ocrx_word' id='word_1_222' title='bbox 1801 1264 2061 1311; x_wconf 70' lang='grc' dir='ltr'><em>παράδοσις</em></span> <span class='ocrx_word' id='word_1_223' title='bbox 2094 1264 2250 1313; x_wconf 77' lang='lat' dir='ltr'>(dnobus</span> <span class='ocrx_word' id='word_1_224' title='bbox 2281 1267 2370 1302; x_wconf 75' lang='lat' dir='ltr'>locis</span> 
     </span>
     <span class='ocr_line' id='line_1_19' title="bbox 152 1322 2369 1377; baseline 0.002 -16"><span class='ocrx_word' id='word_1_225' title='bbox 152 1322 295 1375; x_wconf 82' lang='grc' dir='ltr'><em>χρῆσις)</em></span> <span class='ocrx_word' id='word_1_226' title='bbox 322 1325 536 1376; x_wconf 91' lang='lat' dir='ltr'>plerumque</span> <span class='ocrx_word' id='word_1_227' title='bbox 565 1330 636 1365; x_wconf 89' lang='lat' dir='ltr'>est:</span> <span class='ocrx_word' id='word_1_228' title='bbox 683 1328 717 1377; x_wconf 90' lang='grc'>1)</span> <span class='ocrx_word' id='word_1_229' title='bbox 751 1328 868 1366; x_wconf 79' lang='lat' dir='ltr'>textus</span> <span class='ocrx_word' id='word_1_230' title='bbox 895 1327 1045 1375; x_wconf 65' lang='lat' dir='ltr'>vulgaris</span> <span class='ocrx_word' id='word_1_231' title='bbox 1072 1327 1152 1374; x_wconf 77' lang='lat' dir='ltr'>post</span> <span class='ocrx_word' id='word_1_232' title='bbox 1178 1327 1409 1364; x_wconf 73' lang='lat' dir='ltr'>Aristarchum</span> <span class='ocrx_word' id='word_1_233' title='bbox 1443 1327 1600 1373; x_wconf 80' lang='lat' dir='ltr'>aliosque</span> <span class='ocrx_word' id='word_1_234' title='bbox 1628 1326 1872 1374; x_wconf 71' lang='lat' dir='ltr'>grammaticos</span> <span class='ocrx_word' id='word_1_235' title='bbox 1907 1327 2046 1373; x_wconf 70' lang='lat' dir='ltr'>paratus</span> <span class='ocrx_word' id='word_1_236' title='bbox 2075 1336 2260 1374; x_wconf 83' lang='lat' dir='ltr'>eorumque</span> <span class='ocrx_word' id='word_1_237' title='bbox 2289 1328 2369 1365; x_wconf 85' lang='lat' dir='ltr'>doc-</span> 
     </span>
     <span class='ocr_line' id='line_1_20' title="bbox 150 1385 2369 1438; baseline 0.002 -17"><span class='ocrx_word' id='word_1_238' title='bbox 150 1385 240 1422; x_wconf 73' lang='lat' dir='ltr'>trina</span> <span class='ocrx_word' id='word_1_239' title='bbox 267 1388 465 1425; x_wconf 69' lang='lat' dir='ltr'>exornatus.</span> <span class='ocrx_word' id='word_1_240' title='bbox 526 1388 652 1437; x_wconf 87' lang='lat' dir='ltr'>Neque</span> <span class='ocrx_word' id='word_1_241' title='bbox 680 1393 805 1426; x_wconf 86' lang='lat' dir='ltr'>tamen</span> <span class='ocrx_word' id='word_1_242' title='bbox 831 1390 948 1438; x_wconf 88' lang='lat' dir='ltr'>pluris</span> <span class='ocrx_word' id='word_1_243' title='bbox 977 1389 1164 1426; x_wconf 82' lang='lat' dir='ltr'>ducendus</span> <span class='ocrx_word' id='word_1_244' title='bbox 1201 1392 1257 1426; x_wconf 87' lang='lat' dir='ltr'>est</span> <span class='ocrx_word' id='word_1_245' title='bbox 1289 1389 1352 1425; x_wconf 89' lang='lat' dir='ltr'>ille</span> <span class='ocrx_word' id='word_1_246' title='bbox 1380 1392 1521 1429; x_wconf 76' lang='lat' dir='ltr'>textus,</span> <span class='ocrx_word' id='word_1_247' title='bbox 1557 1401 1637 1425; x_wconf 76' lang='lat' dir='ltr'>cum</span> <span class='ocrx_word' id='word_1_248' title='bbox 1671 1392 1747 1425; x_wconf 88' lang='lat' dir='ltr'>tam</span> <span class='ocrx_word' id='word_1_249' title='bbox 1783 1401 1894 1436; x_wconf 82' lang='lat' dir='ltr'>saepe</span> <span class='ocrx_word' id='word_1_250' title='bbox 1933 1390 2077 1425; x_wconf 87' lang='lat' dir='ltr'>illorum</span> <span class='ocrx_word' id='word_1_251' title='bbox 2111 1391 2369 1427; x_wconf 78' lang='lat' dir='ltr'>auctoritatem</span> 
     </span>
     <span class='ocr_line' id='line_1_21' title="bbox 151 1446 2366 1499; baseline 0.002 -16"><span class='ocrx_word' id='word_1_252' title='bbox 151 1446 229 1484; x_wconf 86' lang='lat' dir='ltr'>sine</span> <span class='ocrx_word' id='word_1_253' title='bbox 271 1446 345 1484; x_wconf 91' lang='lat' dir='ltr'>ullo</span> <span class='ocrx_word' id='word_1_254' title='bbox 379 1448 534 1494; x_wconf 78' lang='lat' dir='ltr'>iudicio,</span> <span class='ocrx_word' id='word_1_255' title='bbox 580 1461 690 1499; x_wconf 89' lang='lat' dir='ltr'>quam</span> <span class='ocrx_word' id='word_1_256' title='bbox 726 1462 850 1488; x_wconf 89' lang='lat' dir='ltr'>eorum</span> <span class='ocrx_word' id='word_1_257' title='bbox 885 1452 1047 1488; x_wconf 90' lang='lat' dir='ltr'>rationes</span> <span class='ocrx_word' id='word_1_258' title='bbox 1090 1453 1277 1499; x_wconf 81' lang='lat' dir='ltr'>sequatur.</span> <span class='ocrx_word' id='word_1_259' title='bbox 1358 1448 1551 1486; x_wconf 86' lang='lat' dir='ltr'>Nonnullis</span> <span class='ocrx_word' id='word_1_260' title='bbox 1589 1453 1708 1486; x_wconf 80' lang='lat' dir='ltr'>antem</span> <span class='ocrx_word' id='word_1_261' title='bbox 1751 1449 1839 1486; x_wconf 85' lang='lat' dir='ltr'>locis</span> <span class='ocrx_word' id='word_1_262' title='bbox 1877 1448 2144 1496; x_wconf 73' lang='grc' dir='ltr'><em>παράδοσις</em></span> <span class='ocrx_word' id='word_1_263' title='bbox 2181 1451 2366 1498; x_wconf 72' lang='lat' dir='ltr'>significat</span> 
     </span>
     <span class='ocr_line' id='line_1_22' title="bbox 152 1508 2368 1561; baseline 0.002 -17"><span class='ocrx_word' id='word_1_264' title='bbox 152 1508 195 1555; x_wconf 93' lang='grc'>2)</span> <span class='ocrx_word' id='word_1_265' title='bbox 229 1509 365 1555; x_wconf 69' lang='lat' dir='ltr'>gravius</span> <span class='ocrx_word' id='word_1_266' title='bbox 391 1510 574 1547; x_wconf 79' lang='lat' dir='ltr'>editionum</span> <span class='ocrx_word' id='word_1_267' title='bbox 599 1521 720 1558; x_wconf 71' lang='lat' dir='ltr'>genus,</span> <span class='ocrx_word' id='word_1_268' title='bbox 752 1515 861 1561; x_wconf 87' lang='lat' dir='ltr'>atque</span> <span class='ocrx_word' id='word_1_269' title='bbox 889 1512 1122 1549; x_wconf 82' lang='lat' dir='ltr'>Ludwichius</span> <span class='ocrx_word' id='word_1_270' title='bbox 1143 1511 1169 1556; x_wconf 88' lang='lat' dir='ltr'>I,</span> <span class='ocrx_word' id='word_1_271' title='bbox 1199 1512 1245 1547; x_wconf 85' lang='lat'>13</span> <span class='ocrx_word' id='word_1_272' title='bbox 1272 1511 1401 1548; x_wconf 84' lang='lat' dir='ltr'>scholii</span> <span class='ocrx_word' id='word_1_273' title='bbox 1430 1512 1465 1546; x_wconf 83' lang='grc' dir='ltr'><em>Φ</em></span> <span class='ocrx_word' id='word_1_274' title='bbox 1489 1513 1560 1547; x_wconf 75' lang='grc'>162</span> <span class='ocrx_word' id='word_1_275' title='bbox 1594 1512 1813 1558; x_wconf 68' lang='grc' dir='ltr'><em>παράδοσιν</em></span> <span class='ocrx_word' id='word_1_276' title='bbox 1841 1513 2023 1558; x_wconf 72' lang='lat' dir='ltr'>intellegit</span> <span class='ocrx_word' id='word_1_277' title='bbox 2060 1513 2202 1548; x_wconf 88' lang='lat' dir='ltr'>codices</span> <span class='ocrx_word' id='word_1_278' title='bbox 2230 1514 2368 1558; x_wconf 81' lang='lat' dir='ltr'>amplis-</span> 
     </span>
     <span class='ocr_line' id='line_1_23' title="bbox 151 1569 955 1622; baseline 0.006 -15"><span class='ocrx_word' id='word_1_279' title='bbox 151 1569 272 1616; x_wconf 84' lang='lat' dir='ltr'>simos,</span> <span class='ocrx_word' id='word_1_280' title='bbox 308 1571 363 1618; x_wconf 80' lang='lat' dir='ltr'>qui</span> <span class='ocrx_word' id='word_1_281' title='bbox 388 1572 441 1608; x_wconf 81' lang='lat' dir='ltr'>vei</span> <span class='ocrx_word' id='word_1_282' title='bbox 466 1571 661 1611; x_wconf 69' lang='lat' dir='ltr'>Aristarcho</span> <span class='ocrx_word' id='word_1_283' title='bbox 691 1573 781 1612; x_wconf 88' lang='lat' dir='ltr'>obici</span> <span class='ocrx_word' id='word_1_284' title='bbox 809 1574 955 1622; x_wconf 82' lang='lat' dir='ltr'>possint.</span> 
     </span>
    </p>

    <p class='ocr_par' dir='ltr' id='par_1_3' title="bbox 149 1631 2369 1930">
     <span class='ocr_line' id='line_1_24' title="bbox 338 1631 2368 1685; baseline 0.002 -17"><span class='ocrx_word' id='word_1_285' title='bbox 338 1631 503 1669; x_wconf 90' lang='lat' dir='ltr'>Tertium</span> <span class='ocrx_word' id='word_1_286' title='bbox 531 1635 629 1682; x_wconf 88' lang='lat' dir='ltr'>quod</span> <span class='ocrx_word' id='word_1_287' title='bbox 655 1634 724 1671; x_wconf 90' lang='lat' dir='ltr'>huc</span> <span class='ocrx_word' id='word_1_288' title='bbox 752 1636 915 1684; x_wconf 90' lang='lat' dir='ltr'>pertinet</span> <span class='ocrx_word' id='word_1_289' title='bbox 946 1636 1163 1672; x_wconf 85' lang='lat' dir='ltr'>vocabulum</span> <span class='ocrx_word' id='word_1_290' title='bbox 1191 1633 1411 1683; x_wconf 72' lang='grc' dir='ltr'><em>συνήθεια</em></span> <span class='ocrx_word' id='word_1_291' title='bbox 1440 1640 1506 1672; x_wconf 88' lang='lat' dir='ltr'>est.</span> <span class='ocrx_word' id='word_1_292' title='bbox 1568 1636 1621 1672; x_wconf 85' lang='lat' dir='ltr'>La</span> <span class='ocrx_word' id='word_1_293' title='bbox 1646 1635 1765 1672; x_wconf 83' lang='lat' dir='ltr'>Roche</span> <span class='ocrx_word' id='word_1_294' title='bbox 1793 1648 1829 1684; x_wconf 87' lang='lat' dir='ltr'>p.</span> <span class='ocrx_word' id='word_1_295' title='bbox 1854 1637 1925 1672; x_wconf 74' lang='lat'>118</span> <span class='ocrx_word' id='word_1_296' title='bbox 1963 1638 2140 1672; x_wconf 82' lang='lat' dir='ltr'>interesse</span> <span class='ocrx_word' id='word_1_297' title='bbox 2169 1638 2368 1685; x_wconf 77' lang='lat' dir='ltr'>quidquam</span> 
     </span>
     <span class='ocr_line' id='line_1_25' title="bbox 154 1693 2367 1746; baseline 0.003 -17"><span class='ocrx_word' id='word_1_298' title='bbox 154 1693 251 1731; x_wconf 90' lang='lat' dir='ltr'>inter</span> <span class='ocrx_word' id='word_1_299' title='bbox 274 1701 411 1743; x_wconf 78' lang='grc' dir='ltr'><em>χρῆσιν</em></span> <span class='ocrx_word' id='word_1_300' title='bbox 441 1698 478 1732; x_wconf 88' lang='lat' dir='ltr'>et</span> <span class='ocrx_word' id='word_1_301' title='bbox 503 1694 711 1743; x_wconf 69' lang='grc' dir='ltr'><em>συνήθειαν</em></span> <span class='ocrx_word' id='word_1_302' title='bbox 737 1697 813 1735; x_wconf 80' lang='lat' dir='ltr'>sive</span> <span class='ocrx_word' id='word_1_303' title='bbox 838 1695 881 1734; x_wconf 79' lang='grc' dir='ltr'>τὸ</span> <span class='ocrx_word' id='word_1_304' title='bbox 906 1695 1066 1746; x_wconf 74' lang='grc' dir='ltr'><em>σύνηθες</em></span> <span class='ocrx_word' id='word_1_305' title='bbox 1091 1697 1252 1744; x_wconf 75' lang='lat' dir='ltr'>negavit.</span> <span class='ocrx_word' id='word_1_306' title='bbox 1294 1697 1511 1734; x_wconf 85' lang='lat' dir='ltr'>Accuratius</span> <span class='ocrx_word' id='word_1_307' title='bbox 1540 1697 1576 1733; x_wconf 90' lang='lat' dir='ltr'>in</span> <span class='ocrx_word' id='word_1_308' title='bbox 1596 1710 1672 1734; x_wconf 80' lang='lat' dir='ltr'>rem</span> <span class='ocrx_word' id='word_1_309' title='bbox 1698 1698 1887 1746; x_wconf 78' lang='lat' dir='ltr'>inquisivit</span> <span class='ocrx_word' id='word_1_310' title='bbox 1916 1697 2076 1735; x_wconf 81' lang='lat' dir='ltr'>Jacobus</span> <span class='ocrx_word' id='word_1_311' title='bbox 2098 1697 2367 1745; x_wconf 71' lang='lat' dir='ltr'>Wackernagel</span> 
     </span>
     <span class='ocr_line' id='line_1_26' title="bbox 152 1752 2369 1807; baseline 0.003 -17"><span class='ocrx_word' id='word_1_312' title='bbox 152 1754 189 1790; x_wconf 89' lang='lat' dir='ltr'>in</span> <span class='ocrx_word' id='word_1_313' title='bbox 218 1752 310 1791; x_wconf 87' lang='lat' dir='ltr'>Mus.</span> <span class='ocrx_word' id='word_1_314' title='bbox 329 1753 445 1792; x_wconf 87' lang='lat' dir='ltr'>Rhen.</span> <span class='ocrx_word' id='word_1_315' title='bbox 472 1766 508 1791; x_wconf 90' lang='lat' dir='ltr'>n.</span> <span class='ocrx_word' id='word_1_316' title='bbox 533 1766 562 1791; x_wconf 89' lang='lat' dir='ltr'>s.</span> <span class='ocrx_word' id='word_1_317' title='bbox 594 1755 693 1792; x_wconf 84' lang='lat'>1876</span> <span class='ocrx_word' id='word_1_318' title='bbox 720 1768 757 1806; x_wconf 91' lang='lat' dir='ltr'>p.</span> <span class='ocrx_word' id='word_1_319' title='bbox 777 1758 870 1794; x_wconf 82' lang='lat'><strong>433:</strong></span> <span class='ocrx_word' id='word_1_320' title='bbox 908 1756 1083 1807; x_wconf 65' lang='grc' dir='ltr'>ᾧετοδίαη</span> <span class='ocrx_word' id='word_1_321' title='bbox 1111 1757 1179 1794; x_wconf 80' lang='lat' dir='ltr'>unb</span> <span class='ocrx_word' id='word_1_322' title='bbox 1209 1756 1371 1795; x_wconf 66' lang='lat' dir='ltr'>ffiifonor.</span> <span class='ocrx_word' id='word_1_323' title='bbox 1433 1758 1543 1807; x_wconf 86' lang='lat' dir='ltr'>Apud</span> <span class='ocrx_word' id='word_1_324' title='bbox 1570 1757 1789 1795; x_wconf 75' lang='lat' dir='ltr'>Nicanorem</span> <span class='ocrx_word' id='word_1_325' title='bbox 1823 1758 2031 1807; x_wconf 63' lang='grc' dir='ltr'><em>συνήθειαν</em></span> <span class='ocrx_word' id='word_1_326' title='bbox 2065 1772 2144 1797; x_wconf 71' lang='lat' dir='ltr'>esse</span> <span class='ocrx_word' id='word_1_327' title='bbox 2179 1761 2369 1797; x_wconf 77' lang='lat' dir='ltr'>contendit</span> 
     </span>
     <span class='ocr_line' id='line_1_27' title="bbox 152 1816 2365 1868; baseline 0.003 -17"><span class='ocrx_word' id='word_1_328' title='bbox 152 1818 294 1852; x_wconf 85' lang='lat' dir='ltr'>textum</span> <span class='ocrx_word' id='word_1_329' title='bbox 307 1816 508 1863; x_wconf 87' lang='lat' dir='ltr'>vulgarem,</span> <span class='ocrx_word' id='word_1_330' title='bbox 526 1817 624 1864; x_wconf 85' lang='lat' dir='ltr'>apud</span> <span class='ocrx_word' id='word_1_331' title='bbox 640 1817 892 1855; x_wconf 89' lang='lat' dir='ltr'>Herodianum</span> <span class='ocrx_word' id='word_1_332' title='bbox 910 1831 997 1856; x_wconf 83' lang='lat' dir='ltr'>vero</span> <span class='ocrx_word' id='word_1_333' title='bbox 1012 1831 1217 1856; x_wconf 88' lang='lat' dir='ltr'>sermonem</span> <span class='ocrx_word' id='word_1_334' title='bbox 1235 1819 1424 1866; x_wconf 84' lang='lat' dir='ltr'>vulgarem</span> <span class='ocrx_word' id='word_1_335' title='bbox 1441 1818 1759 1867; x_wconf 54' lang='lat' dir='ltr'>(Qiemeiniprudn).</span> <span class='ocrx_word' id='word_1_336' title='bbox 1798 1821 1870 1867; x_wconf 74' lang='grc' dir='ltr'>Τῆς</span> <span class='ocrx_word' id='word_1_337' title='bbox 1889 1819 2047 1868; x_wconf 71' lang='grc' dir='ltr'><em>χρήσεως</em></span> <span class='ocrx_word' id='word_1_338' title='bbox 2066 1823 2164 1858; x_wconf 77' lang='lat' dir='ltr'>vocis</span> <span class='ocrx_word' id='word_1_339' title='bbox 2181 1823 2365 1858; x_wconf 82' lang='lat' dir='ltr'>notionem</span> 
     </span>
     <span class='ocr_line' id='line_1_28' title="bbox 149 1876 1977 1930; baseline 0.003 -17"><span class='ocrx_word' id='word_1_340' title='bbox 149 1876 295 1914; x_wconf 89' lang='lat' dir='ltr'>omnino</span> <span class='ocrx_word' id='word_1_341' title='bbox 324 1889 397 1914; x_wconf 93' lang='lat' dir='ltr'>non</span> <span class='ocrx_word' id='word_1_342' title='bbox 424 1877 588 1927; x_wconf 88' lang='lat' dir='ltr'>respicit,</span> <span class='ocrx_word' id='word_1_343' title='bbox 616 1879 682 1916; x_wconf 88' lang='lat' dir='ltr'>sed</span> <span class='ocrx_word' id='word_1_344' title='bbox 709 1892 754 1916; x_wconf 89' lang='lat' dir='ltr'>ne</span> <span class='ocrx_word' id='word_1_345' title='bbox 784 1883 988 1929; x_wconf 73' lang='grc' dir='ltr'><em>συνηθείας</em></span> <span class='ocrx_word' id='word_1_346' title='bbox 1016 1881 1164 1930; x_wconf 90' lang='lat' dir='ltr'>quidem</span> <span class='ocrx_word' id='word_1_347' title='bbox 1191 1880 1359 1917; x_wconf 89' lang='lat' dir='ltr'>notiones</span> <span class='ocrx_word' id='word_1_348' title='bbox 1389 1881 1487 1930; x_wconf 92' lang='lat' dir='ltr'>apud</span> <span class='ocrx_word' id='word_1_349' title='bbox 1517 1880 1769 1918; x_wconf 89' lang='lat' dir='ltr'>Herodianum</span> <span class='ocrx_word' id='word_1_350' title='bbox 1798 1881 1977 1926; x_wconf 63' lang='lat' dir='ltr'>exhausit.</span> 
     </span>
    </p>

    <p class='ocr_par' dir='ltr' id='par_1_4' title="bbox 143 1939 2366 2726">
     <span class='ocr_line' id='line_1_29' title="bbox 332 1939 2365 1993; baseline 0.002 -18"><span class='ocrx_word' id='word_1_351' title='bbox 332 1939 455 1988; x_wconf 88' lang='lat' dir='ltr'>Atque</span> <span class='ocrx_word' id='word_1_352' title='bbox 499 1940 537 1975; x_wconf 92' lang='lat' dir='ltr'>in</span> <span class='ocrx_word' id='word_1_353' title='bbox 578 1945 780 1989; x_wconf 71' lang='grc' dir='ltr'><em>συνηθείας</em></span> <span class='ocrx_word' id='word_1_354' title='bbox 826 1941 1054 1978; x_wconf 87' lang='lat' dir='ltr'>substantivo</span> <span class='ocrx_word' id='word_1_355' title='bbox 1095 1943 1254 1991; x_wconf 91' lang='lat' dir='ltr'>primum</span> <span class='ocrx_word' id='word_1_356' title='bbox 1302 1954 1382 1979; x_wconf 82' lang='lat' dir='ltr'>cum</span> <span class='ocrx_word' id='word_1_357' title='bbox 1426 1941 1732 1989; x_wconf 82' lang='lat' dir='ltr'>Wackernagelio</span> <span class='ocrx_word' id='word_1_358' title='bbox 1781 1945 2031 1991; x_wconf 86' lang='lat' dir='ltr'>quaerendum</span> <span class='ocrx_word' id='word_1_359' title='bbox 2071 1949 2147 1988; x_wconf 74' lang='lat' dir='ltr'>est,</span> <span class='ocrx_word' id='word_1_360' title='bbox 2198 1946 2365 1993; x_wconf 77' lang='lat' dir='ltr'>quisnam</span> 
     </span>
     <span class='ocr_line' id='line_1_30' title="bbox 147 2001 2365 2056; baseline 0.002 -17"><span class='ocrx_word' id='word_1_361' title='bbox 147 2003 320 2040; x_wconf 87' lang='lat' dir='ltr'>exerceat</span> <span class='ocrx_word' id='word_1_362' title='bbox 354 2001 580 2039; x_wconf 86' lang='lat' dir='ltr'>vocabulum.</span> <span class='ocrx_word' id='word_1_363' title='bbox 654 2001 840 2041; x_wconf 79' lang='lat' dir='ltr'>Exercent</span> <span class='ocrx_word' id='word_1_364' title='bbox 878 2005 1001 2041; x_wconf 87' lang='lat' dir='ltr'>autem</span> <span class='ocrx_word' id='word_1_365' title='bbox 1034 2003 1289 2051; x_wconf 88' lang='lat' dir='ltr'>Herodianus,</span> <span class='ocrx_word' id='word_1_366' title='bbox 1325 2004 1575 2051; x_wconf 72' lang='lat' dir='ltr'>Aristonicus,</span> <span class='ocrx_word' id='word_1_367' title='bbox 1610 2003 1780 2042; x_wconf 82' lang='lat' dir='ltr'>Nicanor.</span> <span class='ocrx_word' id='word_1_368' title='bbox 1858 2005 2043 2055; x_wconf 82' lang='lat' dir='ltr'>Scriptum</span> <span class='ocrx_word' id='word_1_369' title='bbox 2078 2006 2232 2054; x_wconf 83' lang='lat' dir='ltr'>legimus</span> <span class='ocrx_word' id='word_1_370' title='bbox 2267 2007 2365 2056; x_wconf 87' lang='lat' dir='ltr'>apud</span> 
     </span>
     <span class='ocr_line' id='line_1_31' title="bbox 148 2062 2366 2118; baseline 0.002 -18"><span class='ocrx_word' id='word_1_371' title='bbox 148 2062 401 2101; x_wconf 85' lang='lat' dir='ltr'>Herodianum</span> <span class='ocrx_word' id='word_1_372' title='bbox 447 2067 481 2100; x_wconf 89' lang='lat' dir='ltr'><strong><em>K</em></strong></span> <span class='ocrx_word' id='word_1_373' title='bbox 505 2063 555 2099; x_wconf 88' lang='lat'>38</span> <span class='ocrx_word' id='word_1_374' title='bbox 590 2064 809 2109; x_wconf 79' lang='grc' dir='ltr'><em>ἐπίσκοπον]</em></span> <span class='ocrx_word' id='word_1_375' title='bbox 860 2064 914 2102; x_wconf 81' lang='lat' dir='ltr'>&#39;A.</span> <span class='ocrx_word' id='word_1_376' title='bbox 948 2064 995 2107; x_wconf 77' lang='grc' dir='ltr'>ὥς</span> <span class='ocrx_word' id='word_1_377' title='bbox 1027 2064 1272 2101; x_wconf 75' lang='grc' dir='ltr'><em>κατάσκοπον</em></span> <span class='ocrx_word' id='word_1_378' title='bbox 1312 2094 1437 2101; x_wconf 92' lang='grc'><strong>.......</strong></span> <span class='ocrx_word' id='word_1_379' title='bbox 1477 2073 1538 2101; x_wconf 71' lang='grc' dir='ltr'><em>καὶ</em></span> <span class='ocrx_word' id='word_1_380' title='bbox 1577 2066 1646 2112; x_wconf 69' lang='grc' dir='ltr'>γάρ</span> <span class='ocrx_word' id='word_1_381' title='bbox 1681 2066 1747 2114; x_wconf 65' lang='grc' dir='ltr'>ἤδη</span> <span class='ocrx_word' id='word_1_382' title='bbox 1787 2066 2014 2115; x_wconf 66' lang='grc' dir='ltr'><em>ἦσυνὴῧεια</em></span> <span class='ocrx_word' id='word_1_383' title='bbox 2055 2069 2256 2104; x_wconf 71' lang='grc' dir='ltr'><em>ἐπίσταται</em></span> <span class='ocrx_word' id='word_1_384' title='bbox 2299 2069 2366 2118; x_wconf 71' lang='grc' dir='ltr'>τήν</span> 
     </span>
     <span class='ocr_line' id='line_1_32' title="bbox 147 2122 2366 2180; baseline 0.004 -19"><span class='ocrx_word' id='word_1_385' title='bbox 147 2123 326 2173; x_wconf 80' lang='grc' dir='ltr'><em>τοιαύτην</em></span> <span class='ocrx_word' id='word_1_386' title='bbox 353 2122 546 2163; x_wconf 76' lang='grc' dir='ltr'><em>σύνθεσιν.</em></span> <span class='ocrx_word' id='word_1_387' title='bbox 601 2123 736 2163; x_wconf 88' lang='lat' dir='ltr'>Scholii</span> <span class='ocrx_word' id='word_1_388' title='bbox 763 2125 946 2164; x_wconf 84' lang='lat' dir='ltr'>locutione</span> <span class='ocrx_word' id='word_1_389' title='bbox 974 2137 1018 2164; x_wconf 87' lang='lat' dir='ltr'>ac</span> <span class='ocrx_word' id='word_1_390' title='bbox 1038 2126 1185 2164; x_wconf 87' lang='lat' dir='ltr'>vocibus</span> <span class='ocrx_word' id='word_1_391' title='bbox 1213 2126 1287 2164; x_wconf 91' lang='lat' dir='ltr'>illis</span> <span class='ocrx_word' id='word_1_392' title='bbox 1315 2125 1384 2177; x_wconf 81' lang='grc' dir='ltr'><em>ἢδη</em></span> <span class='ocrx_word' id='word_1_393' title='bbox 1402 2129 1439 2165; x_wconf 88' lang='lat' dir='ltr'>et</span> <span class='ocrx_word' id='word_1_394' title='bbox 1456 2127 1657 2163; x_wconf 69' lang='grc' dir='ltr'><em>ἐπίσταται</em></span> <span class='ocrx_word' id='word_1_395' title='bbox 1685 2128 1916 2177; x_wconf 84' lang='lat' dir='ltr'>potissimum</span> <span class='ocrx_word' id='word_1_396' title='bbox 1944 2130 2034 2167; x_wconf 82' lang='lat' dir='ltr'>satis</span> <span class='ocrx_word' id='word_1_397' title='bbox 2057 2130 2177 2168; x_wconf 86' lang='lat' dir='ltr'>lucide</span> <span class='ocrx_word' id='word_1_398' title='bbox 2207 2134 2366 2180; x_wconf 86' lang='lat' dir='ltr'>apparet</span> 
     </span>
     <span class='ocr_line' id='line_1_33' title="bbox 146 2183 2363 2238; baseline 0.004 -17"><span class='ocrx_word' id='word_1_399' title='bbox 146 2183 354 2230; x_wconf 64' lang='grc' dir='ltr'><em>συνήθειαν</em></span> <span class='ocrx_word' id='word_1_400' title='bbox 392 2184 451 2222; x_wconf 87' lang='lat' dir='ltr'>hic</span> <span class='ocrx_word' id='word_1_401' title='bbox 487 2198 562 2223; x_wconf 89' lang='lat' dir='ltr'>non</span> <span class='ocrx_word' id='word_1_402' title='bbox 599 2187 957 2235; x_wconf 85' lang='lat' dir='ltr'>subintellegendum</span> <span class='ocrx_word' id='word_1_403' title='bbox 996 2200 1094 2225; x_wconf 84' lang='lat' dir='ltr'>esse·</span> <span class='ocrx_word' id='word_1_404' title='bbox 1118 2188 1231 2234; x_wconf 87' lang='lat' dir='ltr'>illud,</span> <span class='ocrx_word' id='word_1_405' title='bbox 1270 2189 1367 2237; x_wconf 90' lang='lat' dir='ltr'>quod</span> <span class='ocrx_word' id='word_1_406' title='bbox 1404 2188 1458 2226; x_wconf 92' lang='lat' dir='ltr'>La</span> <span class='ocrx_word' id='word_1_407' title='bbox 1487 2188 1621 2225; x_wconf 87' lang='lat' dir='ltr'>Rochio</span> <span class='ocrx_word' id='word_1_408' title='bbox 1658 2193 1751 2227; x_wconf 89' lang='lat' dir='ltr'>teste</span> <span class='ocrx_word' id='word_1_409' title='bbox 1768 2188 1796 2237; x_wconf 84' lang='lat'>¹)</span> <span class='ocrx_word' id='word_1_410' title='bbox 1835 2189 1962 2238; x_wconf 73' lang='grc' dir='ltr'><em>χρῆσις</em></span> <span class='ocrx_word' id='word_1_411' title='bbox 1990 2195 2063 2236; x_wconf 83' lang='lat' dir='ltr'>est,</span> <span class='ocrx_word' id='word_1_412' title='bbox 2103 2204 2153 2229; x_wconf 88' lang='lat' dir='ltr'>sc.</span> <span class='ocrx_word' id='word_1_413' title='bbox 2181 2192 2233 2229; x_wconf 69' lang='lat' dir='ltr'>tic</span> <span class='ocrx_word' id='word_1_414' title='bbox 2264 2192 2363 2230; x_wconf 71' lang='lat' dir='ltr'>nube⁵</span> 
     </span>
     <span class='ocr_line' id='line_1_34' title="bbox 145 2245 2363 2297; baseline 0.004 -13"><span class='ocrx_word' id='word_1_415' title='bbox 145 2245 307 2294; x_wconf 66' lang='lat' dir='ltr'>quintae</span> <span class='ocrx_word' id='word_1_416' title='bbox 343 2245 601 2296; x_wconf 59' lang='lat' dir='ltr'>(habitionem)</span> <span class='ocrx_word' id='word_1_417' title='bbox 637 2247 893 2296; x_wconf 49' lang='lat' dir='ltr'>&amp;direibmeifa</span> <span class='ocrx_word' id='word_1_418' title='bbox 937 2251 1003 2288; x_wconf 87' lang='lat' dir='ltr'>sed</span> <span class='ocrx_word' id='word_1_419' title='bbox 1039 2260 1234 2288; x_wconf 86' lang='lat' dir='ltr'>sermonem</span> <span class='ocrx_word' id='word_1_420' title='bbox 1273 2251 1443 2297; x_wconf 71' lang='lat' dir='ltr'>vulgarem</span> <span class='ocrx_word' id='word_1_421' title='bbox 1483 2251 1555 2288; x_wconf 86' lang='lat' dir='ltr'>sive</span> <span class='ocrx_word' id='word_1_422' title='bbox 1595 2251 1810 2289; x_wconf 78' lang='lat' dir='ltr'>cotidianum.</span> <span class='ocrx_word' id='word_1_423' title='bbox 1884 2251 1976 2290; x_wconf 84' lang='lat' dir='ltr'>Nam</span> <span class='ocrx_word' id='word_1_424' title='bbox 2024 2254 2154 2291; x_wconf 81' lang='lat' dir='ltr'>scholii</span> <span class='ocrx_word' id='word_1_425' title='bbox 2201 2255 2363 2292; x_wconf 88' lang='lat' dir='ltr'>conditio</span> 
     </span>
     <span class='ocr_line' id='line_1_35' title="bbox 145 2306 2364 2361; baseline 0.005 -18"><span class='ocrx_word' id='word_1_426' title='bbox 145 2306 236 2344; x_wconf 88' lang='lat' dir='ltr'>haec</span> <span class='ocrx_word' id='word_1_427' title='bbox 268 2311 341 2344; x_wconf 88' lang='lat' dir='ltr'>est:</span> <span class='ocrx_word' id='word_1_428' title='bbox 381 2309 592 2347; x_wconf 80' lang='grc' dir='ltr'><em>ἐπίσκοπον</em></span> <span class='ocrx_word' id='word_1_429' title='bbox 624 2321 696 2347; x_wconf 87' lang='lat' dir='ltr'>vox</span> <span class='ocrx_word' id='word_1_430' title='bbox 723 2321 791 2360; x_wconf 90' lang='lat' dir='ltr'>pro</span> <span class='ocrx_word' id='word_1_431' title='bbox 821 2311 1025 2360; x_wconf 85' lang='lat' dir='ltr'>composita</span> <span class='ocrx_word' id='word_1_432' title='bbox 1057 2311 1184 2348; x_wconf 86' lang='lat' dir='ltr'>haberi</span> <span class='ocrx_word' id='word_1_433' title='bbox 1211 2315 1345 2361; x_wconf 87' lang='lat' dir='ltr'>potest.</span> <span class='ocrx_word' id='word_1_434' title='bbox 1406 2311 1510 2355; x_wconf 83' lang='lat' dir='ltr'>Quod</span> <span class='ocrx_word' id='word_1_435' title='bbox 1544 2324 1588 2348; x_wconf 90' lang='lat' dir='ltr'>ne</span> <span class='ocrx_word' id='word_1_436' title='bbox 1617 2312 1794 2350; x_wconf 84' lang='lat' dir='ltr'>faciamus</span> <span class='ocrx_word' id='word_1_437' title='bbox 1821 2314 1912 2350; x_wconf 89' lang='lat' dir='ltr'>nihil</span> <span class='ocrx_word' id='word_1_438' title='bbox 1940 2314 2079 2360; x_wconf 81' lang='lat' dir='ltr'>obstat,</span> <span class='ocrx_word' id='word_1_439' title='bbox 2116 2327 2196 2352; x_wconf 91' lang='lat' dir='ltr'>cum</span> <span class='ocrx_word' id='word_1_440' title='bbox 2224 2317 2298 2353; x_wconf 88' lang='lat' dir='ltr'>iam</span> <span class='ocrx_word' id='word_1_441' title='bbox 2327 2318 2364 2352; x_wconf 92' lang='lat' dir='ltr'>in</span> 
     </span>
     <span class='ocr_line' id='line_1_36' title="bbox 150 2371 2363 2424; baseline 0.005 -19"><span class='ocrx_word' id='word_1_442' title='bbox 150 2381 317 2406; x_wconf 88' lang='lat' dir='ltr'>sermone</span> <span class='ocrx_word' id='word_1_443' title='bbox 346 2371 531 2407; x_wconf 86' lang='lat' dir='ltr'>cotidiano</span> <span class='ocrx_word' id='word_1_444' title='bbox 563 2371 655 2409; x_wconf 90' lang='lat' dir='ltr'>haec</span> <span class='ocrx_word' id='word_1_445' title='bbox 681 2373 781 2409; x_wconf 91' lang='lat' dir='ltr'>vocis</span> <span class='ocrx_word' id='word_1_446' title='bbox 809 2374 1034 2421; x_wconf 87' lang='lat' dir='ltr'>compositae</span> <span class='ocrx_word' id='word_1_447' title='bbox 1062 2374 1182 2411; x_wconf 88' lang='lat' dir='ltr'>forma</span> <span class='ocrx_word' id='word_1_448' title='bbox 1216 2386 1282 2410; x_wconf 90' lang='lat' dir='ltr'>usu</span> <span class='ocrx_word' id='word_1_449' title='bbox 1310 2375 1451 2416; x_wconf 84' lang='lat' dir='ltr'>veniat;</span> <span class='ocrx_word' id='word_1_450' title='bbox 1495 2375 1612 2410; x_wconf 81' lang='lat' dir='ltr'>simm.</span> <span class='ocrx_word' id='word_1_451' title='bbox 1638 2374 1776 2412; x_wconf 91' lang='lat' dir='ltr'>Herod.</span> <span class='ocrx_word' id='word_1_452' title='bbox 1805 2380 1838 2411; x_wconf 91' lang='lat' dir='ltr'><em>E</em></span> <span class='ocrx_word' id='word_1_453' title='bbox 1857 2377 1917 2412; x_wconf 80' lang='lat'>39.</span> <span class='ocrx_word' id='word_1_454' title='bbox 1972 2378 2084 2424; x_wconf 87' lang='lat' dir='ltr'>Apud</span> <span class='ocrx_word' id='word_1_455' title='bbox 2113 2379 2363 2414; x_wconf 76' lang='lat' dir='ltr'>Aristonicum</span> 
     </span>
     <span class='ocr_line' id='line_1_37' title="bbox 145 2430 2361 2487; baseline 0.004 -19"><span class='ocrx_word' id='word_1_456' title='bbox 145 2430 274 2468; x_wconf 83' lang='lat' dir='ltr'>eadem</span> <span class='ocrx_word' id='word_1_457' title='bbox 310 2433 521 2468; x_wconf 82' lang='lat' dir='ltr'>occurrunt:</span> <span class='ocrx_word' id='word_1_458' title='bbox 569 2434 601 2468; x_wconf 93' lang='lat' dir='ltr'><em>P</em></span> <span class='ocrx_word' id='word_1_459' title='bbox 620 2433 692 2471; x_wconf 80' lang='lat'>201</span> <span class='ocrx_word' id='word_1_460' title='bbox 731 2431 751 2482; x_wconf 83' lang='grc' dir='ltr'><em>ἦ</em></span> <span class='ocrx_word' id='word_1_461' title='bbox 778 2432 913 2482; x_wconf 74' lang='grc' dir='ltr'><em>διπλῆ,</em></span> <span class='ocrx_word' id='word_1_462' title='bbox 948 2433 1005 2471; x_wconf 84' lang='grc' dir='ltr'><em>ὅτι</em></span> <span class='ocrx_word' id='word_1_463' title='bbox 1031 2433 1146 2478; x_wconf 78' lang='grc' dir='ltr'><em>οὕτως</em></span> <span class='ocrx_word' id='word_1_464' title='bbox 1171 2436 1312 2483; x_wconf 78' lang='grc' dir='ltr'><em>εἴρηκεν</em></span> <span class='ocrx_word' id='word_1_465' title='bbox 1342 2432 1635 2482; x_wconf 68' lang='grc' dir='ltr'><em>καταθύμιον</em></span> <span class='ocrx_word' id='word_1_466' title='bbox 1668 2434 1753 2471; x_wconf 69' lang='lat' dir='ltr'>clm</span> <span class='ocrx_word' id='word_1_467' title='bbox 1780 2437 1846 2473; x_wconf 62' lang='lat' dir='ltr'>tos&gt;</span> <span class='ocrx_word' id='word_1_468' title='bbox 1872 2436 1988 2472; x_wconf 77' lang='grc' dir='ltr'><em>κατοῖ</em></span> <span class='ocrx_word' id='word_1_469' title='bbox 2017 2437 2142 2487; x_wconf 69' lang='grc' dir='ltr'>ψυχήν</span> <span class='ocrx_word' id='word_1_470' title='bbox 2166 2439 2242 2475; x_wconf 77' lang='grc' dir='ltr'><em>ἐστι</em></span> <span class='ocrx_word' id='word_1_471' title='bbox 2272 2469 2361 2477; x_wconf 89' lang='grc'><strong>.....</strong></span> 
     </span>
     <span class='ocr_line' id='line_1_38' title="bbox 144 2491 2361 2545; baseline 0.005 -18"><span class='ocrx_word' id='word_1_472' title='bbox 144 2491 243 2539; x_wconf 79' lang='grc' dir='ltr'><em>ἡμεῖς</em></span> <span class='ocrx_word' id='word_1_473' title='bbox 268 2492 309 2528; x_wconf 82' lang='grc' dir='ltr'><em>δὲ</em></span> <span class='ocrx_word' id='word_1_474' title='bbox 337 2493 378 2528; x_wconf 81' lang='grc' dir='ltr'>ἐν</span> <span class='ocrx_word' id='word_1_475' title='bbox 403 2493 447 2545; x_wconf 79' lang='grc' dir='ltr'>τῇ</span> <span class='ocrx_word' id='word_1_476' title='bbox 473 2497 656 2541; x_wconf 73' lang='grc' dir='ltr'>συνηθείᾳ</span> <span class='ocrx_word' id='word_1_477' title='bbox 683 2495 836 2542; x_wconf 72' lang='grc' dir='ltr'><em>λέγομεν</em></span> <span class='ocrx_word' id='word_1_478' title='bbox 867 2494 1110 2542; x_wconf 71' lang='grc' dir='ltr'><em>καταθύμιον</em></span> <span class='ocrx_word' id='word_1_479' title='bbox 1138 2495 1179 2532; x_wconf 77' lang='grc' dir='ltr'>τὸ</span> <span class='ocrx_word' id='word_1_480' title='bbox 1208 2495 1387 2543; x_wconf 76' lang='grc' dir='ltr'><em>οἷρεστόν,·</em></span> <span class='ocrx_word' id='word_1_481' title='bbox 1428 2497 1544 2532; x_wconf 80' lang='lat' dir='ltr'>sinim.</span> <span class='ocrx_word' id='word_1_482' title='bbox 1575 2500 1606 2531; x_wconf 93' lang='lat' dir='ltr'><em>P</em></span> <span class='ocrx_word' id='word_1_483' title='bbox 1629 2497 1716 2533; x_wconf 74' lang='lat'>202.</span> <span class='ocrx_word' id='word_1_484' title='bbox 1782 2497 1982 2535; x_wconf 86' lang='lat' dir='ltr'>Praeterea</span> <span class='ocrx_word' id='word_1_485' title='bbox 2011 2500 2168 2536; x_wconf 89' lang='lat' dir='ltr'>aliorum</span> <span class='ocrx_word' id='word_1_486' title='bbox 2197 2502 2361 2538; x_wconf 78' lang='lat' dir='ltr'>codicum</span> 
     </span>
     <span class='ocr_line' id='line_1_39' title="bbox 144 2551 2361 2613; baseline 0.005 -23"><span class='ocrx_word' id='word_1_487' title='bbox 144 2551 212 2591; x_wconf 89' lang='lat' dir='ltr'>huc</span> <span class='ocrx_word' id='word_1_488' title='bbox 246 2552 437 2602; x_wconf 86' lang='lat' dir='ltr'>pertinent</span> <span class='ocrx_word' id='word_1_489' title='bbox 470 2552 610 2592; x_wconf 84' lang='lat' dir='ltr'>scholia</span> <span class='ocrx_word' id='word_1_490' title='bbox 638 2553 880 2594; x_wconf 88' lang='lat' dir='ltr'>Herodianea</span> <span class='ocrx_word' id='word_1_491' title='bbox 911 2570 934 2604; x_wconf 85' lang='grc' dir='ltr'>χ</span> <span class='ocrx_word' id='word_1_492' title='bbox 953 2556 1026 2593; x_wconf 83' lang='grc'>347</span> <span class='ocrx_word' id='word_1_493' title='bbox 1057 2559 1094 2594; x_wconf 91' lang='lat' dir='ltr'>et</span> <span class='ocrx_word' id='word_1_494' title='bbox 1120 2556 1141 2592; x_wconf 79' lang='grc' dir='ltr'>λ.</span> <span class='ocrx_word' id='word_1_495' title='bbox 1162 2556 1248 2594; x_wconf 85' lang='grc'><strong>286.</strong></span> <span class='ocrx_word' id='word_1_496' title='bbox 1308 2556 1442 2595; x_wconf 90' lang='lat' dir='ltr'>Scholii</span> <span class='ocrx_word' id='word_1_497' title='bbox 1470 2559 1490 2595; x_wconf 73' lang='grc' dir='ltr'><em>λ</em></span> <span class='ocrx_word' id='word_1_498' title='bbox 1511 2558 1585 2595; x_wconf 80' lang='grc'>286</span> <span class='ocrx_word' id='word_1_499' title='bbox 1614 2558 1735 2597; x_wconf 81' lang='lat' dir='ltr'>verbis</span> <span class='ocrx_word' id='word_1_500' title='bbox 1764 2560 1853 2597; x_wconf 86' lang='lat' dir='ltr'>reici</span> <span class='ocrx_word' id='word_1_501' title='bbox 1890 2573 1971 2598; x_wconf 89' lang='lat' dir='ltr'>eam</span> <span class='ocrx_word' id='word_1_502' title='bbox 1999 2562 2089 2608; x_wconf 75' lang='lat' dir='ltr'>vim,</span> <span class='ocrx_word' id='word_1_503' title='bbox 2126 2575 2234 2612; x_wconf 87' lang='lat' dir='ltr'>quam</span> <span class='ocrx_word' id='word_1_504' title='bbox 2262 2564 2361 2613; x_wconf 89' lang='lat' dir='ltr'>apud</span> 
     </span>
     <span class='ocr_line' id='line_1_40' title="bbox 145 2613 2362 2670; baseline 0.005 -19"><span class='ocrx_word' id='word_1_505' title='bbox 145 2613 399 2652; x_wconf 87' lang='lat' dir='ltr'>Herodianum</span> <span class='ocrx_word' id='word_1_506' title='bbox 433 2616 513 2652; x_wconf 89' lang='lat' dir='ltr'>voci</span> <span class='ocrx_word' id='word_1_507' title='bbox 541 2616 686 2663; x_wconf 89' lang='lat' dir='ltr'>tribuit,</span> <span class='ocrx_word' id='word_1_508' title='bbox 716 2616 1044 2664; x_wconf 84' lang='lat' dir='ltr'>Wackernagelius</span> <span class='ocrx_word' id='word_1_509' title='bbox 1071 2618 1095 2654; x_wconf 94' lang='lat' dir='ltr'>l.</span> <span class='ocrx_word' id='word_1_510' title='bbox 1118 2630 1148 2655; x_wconf 87' lang='lat' dir='ltr'>c.</span> <span class='ocrx_word' id='word_1_511' title='bbox 1177 2622 1289 2665; x_wconf 89' lang='lat' dir='ltr'>negat</span> <span class='ocrx_word' id='word_1_512' title='bbox 1321 2619 1418 2656; x_wconf 90' lang='lat' dir='ltr'>haud</span> <span class='ocrx_word' id='word_1_513' title='bbox 1452 2621 1527 2656; x_wconf 83' lang='lat' dir='ltr'>scio</span> <span class='ocrx_word' id='word_1_514' title='bbox 1557 2632 1604 2657; x_wconf 90' lang='lat' dir='ltr'>an</span> <span class='ocrx_word' id='word_1_515' title='bbox 1631 2633 1705 2657; x_wconf 90' lang='lat' dir='ltr'>non</span> <span class='ocrx_word' id='word_1_516' title='bbox 1732 2625 1885 2670; x_wconf 89' lang='lat' dir='ltr'>propter</span> <span class='ocrx_word' id='word_1_517' title='bbox 1913 2624 2127 2661; x_wconf 86' lang='lat' dir='ltr'>mendosam</span> <span class='ocrx_word' id='word_1_518' title='bbox 2163 2625 2290 2661; x_wconf 87' lang='lat' dir='ltr'>scholii</span> <span class='ocrx_word' id='word_1_519' title='bbox 2320 2638 2362 2663; x_wconf 84' lang='lat' dir='ltr'>ac</span> 
     </span>
     <span class='ocr_line' id='line_1_41' title="bbox 143 2673 523 2726; baseline 0 -13"><span class='ocrx_word' id='word_1_520' title='bbox 143 2675 292 2713; x_wconf 87' lang='lat' dir='ltr'>dubiam</span> <span class='ocrx_word' id='word_1_521' title='bbox 318 2673 523 2726; x_wconf 82' lang='lat' dir='ltr'>formam.²)</span> 
     </span>
    </p>
   </div>
   <div class='ocr_carea' id='block_1_2' title="bbox 139 2768 2360 2989">
    <p class='ocr_par' dir='ltr' id='par_1_5' title="bbox 268 2768 1153 2808">
     <span class='ocr_line' id='line_1_42' title="bbox 268 2768 1153 2808; baseline 0.005 -10"><span class='ocrx_word' id='word_1_522' title='bbox 268 2768 291 2806; x_wconf 87' lang='lat'>²)</span> <span class='ocrx_word' id='word_1_523' title='bbox 317 2768 375 2798; x_wconf 87' lang='lat' dir='ltr'>Sed</span> <span class='ocrx_word' id='word_1_524' title='bbox 395 2768 465 2799; x_wconf 83' lang='lat' dir='ltr'>vide</span> <span class='ocrx_word' id='word_1_525' title='bbox 486 2778 588 2808; x_wconf 84' lang='lat' dir='ltr'>supra,</span> <span class='ocrx_word' id='word_1_526' title='bbox 610 2769 663 2800; x_wconf 89' lang='lat' dir='ltr'>ubi</span> <span class='ocrx_word' id='word_1_527' title='bbox 683 2770 887 2801; x_wconf 83' lang='lat' dir='ltr'>refutavimus</span> <span class='ocrx_word' id='word_1_528' title='bbox 908 2771 988 2802; x_wconf 86' lang='lat' dir='ltr'>hunc</span> <span class='ocrx_word' id='word_1_529' title='bbox 1009 2779 1153 2802; x_wconf 86' lang='lat' dir='ltr'>errorem.</span> 
     </span>
    </p>

    <p class='ocr_par' dir='ltr' id='par_1_6' title="bbox 139 2818 2360 2989">
     <span class='ocr_line' id='line_1_43' title="bbox 268 2818 2360 2868; baseline 0.005 -18"><span class='ocrx_word' id='word_1_530' title='bbox 268 2818 292 2859; x_wconf 84' lang='lat'>²)</span> <span class='ocrx_word' id='word_1_531' title='bbox 318 2819 364 2851; x_wconf 81' lang='lat' dir='ltr'>De</span> <span class='ocrx_word' id='word_1_532' title='bbox 385 2828 447 2859; x_wconf 71' lang='lat' dir='ltr'>qua</span> <span class='ocrx_word' id='word_1_533' title='bbox 467 2819 536 2851; x_wconf 85' lang='lat' dir='ltr'>vide</span> <span class='ocrx_word' id='word_1_534' title='bbox 558 2820 707 2852; x_wconf 82' lang='lat' dir='ltr'>Ludwieh</span> <span class='ocrx_word' id='word_1_535' title='bbox 728 2821 748 2852; x_wconf 94' lang='lat' dir='ltr'>l.</span> <span class='ocrx_word' id='word_1_536' title='bbox 760 2830 787 2852; x_wconf 86' lang='lat' dir='ltr'>c.</span> <span class='ocrx_word' id='word_1_537' title='bbox 802 2821 827 2858; x_wconf 96' lang='lat' dir='ltr'>I,</span> <span class='ocrx_word' id='word_1_538' title='bbox 850 2821 921 2853; x_wconf 88' lang='grc'>589.</span> <span class='ocrx_word' id='word_1_539' title='bbox 963 2821 1084 2853; x_wconf 88' lang='lat' dir='ltr'>Nititur</span> <span class='ocrx_word' id='word_1_540' title='bbox 1097 2822 1140 2853; x_wconf 92' lang='lat' dir='ltr'>ibi</span> <span class='ocrx_word' id='word_1_541' title='bbox 1156 2822 1204 2853; x_wconf 87' lang='lat' dir='ltr'>vir</span> <span class='ocrx_word' id='word_1_542' title='bbox 1218 2822 1413 2854; x_wconf 78' lang='lat' dir='ltr'>doctissimus</span> <span class='ocrx_word' id='word_1_543' title='bbox 1428 2823 1568 2855; x_wconf 87' lang='lat' dir='ltr'>Bekkeri</span> <span class='ocrx_word' id='word_1_544' title='bbox 1583 2825 1768 2856; x_wconf 87' lang='lat' dir='ltr'>scholiorum</span> <span class='ocrx_word' id='word_1_545' title='bbox 1782 2825 1945 2859; x_wconf 82' lang='lat' dir='ltr'>Iliacorum</span> <span class='ocrx_word' id='word_1_546' title='bbox 1960 2827 2104 2865; x_wconf 82' lang='lat' dir='ltr'>editione,</span> <span class='ocrx_word' id='word_1_547' title='bbox 2127 2838 2216 2867; x_wconf 88' lang='lat' dir='ltr'>quem</span> <span class='ocrx_word' id='word_1_548' title='bbox 2238 2839 2266 2868; x_wconf 88' lang='lat' dir='ltr'>p.</span> <span class='ocrx_word' id='word_1_549' title='bbox 2280 2830 2360 2860; x_wconf 74' lang='lat'>826³.</span> 
     </span>
     <span class='ocr_line' id='line_1_44' title="bbox 141 2860 2359 2907; baseline 0.005 -16"><span class='ocrx_word' id='word_1_550' title='bbox 141 2863 261 2891; x_wconf 81' lang='lat' dir='ltr'>ceteros</span> <span class='ocrx_word' id='word_1_551' title='bbox 294 2860 386 2892; x_wconf 84' lang='lat' dir='ltr'>huius</span> <span class='ocrx_word' id='word_1_552' title='bbox 413 2860 497 2892; x_wconf 84' lang='lat' dir='ltr'>vocis</span> <span class='ocrx_word' id='word_1_553' title='bbox 529 2862 610 2893; x_wconf 88' lang='lat' dir='ltr'>locos</span> <span class='ocrx_word' id='word_1_554' title='bbox 640 2866 847 2902; x_wconf 84' lang='lat' dir='ltr'>comportasse</span> <span class='ocrx_word' id='word_1_555' title='bbox 874 2862 958 2894; x_wconf 83' lang='lat' dir='ltr'>dicit.</span> <span class='ocrx_word' id='word_1_556' title='bbox 1010 2864 1073 2896; x_wconf 87' lang='lat' dir='ltr'>Nos</span> <span class='ocrx_word' id='word_1_557' title='bbox 1099 2864 1211 2897; x_wconf 87' lang='lat' dir='ltr'>librum</span> <span class='ocrx_word' id='word_1_558' title='bbox 1238 2865 1325 2897; x_wconf 86' lang='lat' dir='ltr'>illum</span> <span class='ocrx_word' id='word_1_559' title='bbox 1351 2865 1557 2897; x_wconf 84' lang='lat' dir='ltr'>clarissimum</span> <span class='ocrx_word' id='word_1_560' title='bbox 1584 2866 1734 2907; x_wconf 83' lang='lat' dir='ltr'>inspicere</span> <span class='ocrx_word' id='word_1_561' title='bbox 1767 2877 1827 2898; x_wconf 87' lang='lat' dir='ltr'>non</span> <span class='ocrx_word' id='word_1_562' title='bbox 1854 2869 2005 2907; x_wconf 86' lang='lat' dir='ltr'>potuisse,</span> <span class='ocrx_word' id='word_1_563' title='bbox 2038 2879 2107 2900; x_wconf 85' lang='lat' dir='ltr'>cum</span> <span class='ocrx_word' id='word_1_564' title='bbox 2134 2871 2273 2901; x_wconf 84' lang='lat' dir='ltr'>manibus</span> <span class='ocrx_word' id='word_1_565' title='bbox 2300 2881 2359 2901; x_wconf 90' lang='lat' dir='ltr'>non</span> 
     </span>
     <span class='ocr_line' id='line_1_45' title="bbox 139 2901 2111 2989; baseline 0.005 -56"><span class='ocrx_word' id='word_1_566' title='bbox 139 2904 325 2940; x_wconf 68' lang='lat' dir='ltr'>teneremus,</span> <span class='ocrx_word' id='word_1_567' title='bbox 351 2901 440 2935; x_wconf 74' lang='lat' dir='ltr'>valde</span> <span class='ocrx_word' id='word_1_568' title='bbox 461 2902 607 2935; x_wconf 81' lang='lat' dir='ltr'>dolemus.</span> <span class='ocrx_word' id='word_1_569' title='bbox 2058 2951 2111 2989; x_wconf 41' lang='lat'>2*</span> 
     </span>
    </p>
   </div>
  </div>
 </body>
</html>
