2559 3053
1248 129 1271 176 ἐξ

137 261 296 301 lectione
329 262 435 301 varia
467 266 531 301 aut
564 264 759 313 probanda
793 267 856 301 aut
890 264 1126 313 reprobanda
1164 267 1202 301 et
1233 267 1268 300 Z
1289 266 1334 300 71
1371 264 1417 301 de
1446 264 1643 302 verborum
1676 262 1998 313 interpretatione.
2058 258 2212 301 Necnon
2244 254 2376 302 eadem

138 326 342 363 invenimus
377 325 463 363 Did.
486 326 608 363 1'368
634 323 847 373 ’Λμμώνιος
873 325 914 361 ἐν
939 325 992 373 τῷ
1019 323 1114 372 πρὸς
1136 323 1373 373 ’Λθηνοκλέα
1406 322 1668 373 συγγράμματι
1697 323 1832 373 ὁμοίως
1855 315 1961 372 εἶχεν,
1988 335 2039 362 sc.
2066 323 2147 363 οὐδ’
2170 322 2375 374 ἐδάμασσα

137 398 206 436 pro
234 389 359 423 textus
389 385 458 423 οῦδ
481 385 621 432 ἔβαλόν
645 398 712 432 μιν
719 399 733 432 ,·
770 385 889 421 simm.
910 389 948 421 A
967 385 1054 431 524,
1084 385 1219 433 Γ406,
1248 388 1295 422 M
1309 385 1408 431 435,·
1449 385 1583 423 deinde
1611 390 1650 423 A
1670 385 1717 422 97
1747 383 1859 429 λέξεις
1881 384 1920 422 ἐκ
1942 385 2019 422 τῶν
2044 384 2142 435 πρὸς
2166 383 2375 434 Κωμανόν·

138 447 181 485 τὰ
213 450 285 496 μὲν
318 448 445 486 αέικέα
480 446 607 493 λοιγόν
641 445 1036 495 ὄλεθρονζᾶπεοικότα
1071 446 1176 492 λέγει.
1239 445 1427 484 Habemus
1460 447 1574 494 igitur
1609 448 1722 484 etiam
1748 446 1805 484 his
1833 446 1923 483 locis
1961 449 1999 484 et
2033 447 2124 484 artis
2153 446 2304 485 criticae
2338 449 2377 485 et

139 508 461 559 interpretationis
489 507 673 557 exempla.
732 506 812 551 Qua
830 507 868 543 in
888 518 926 544 re
948 507 1080 544 mirum
1100 510 1168 553 est,
1198 506 1297 556 quod
1319 506 1499 556 Didymus
1527 506 1738 545 libellorum
1761 507 1908 545 illorum
1934 518 2008 545 non
2027 507 2175 558 saepius
2193 507 2376 546 rationem

139 571 282 608 habuit.
338 570 423 607 Ideo
452 570 491 606 id
519 570 657 606 factum
686 581 766 606 esse
798 568 972 606 Ludwich
992 568 1019 615 1,
1035 570 1084 605 23
1115 570 1216 614 dicit,
1246 570 1333 617 quia
1351 569 1471 606 rarius
1502 568 1552 606 τοὶ
1571 567 1844 616 συγγράμματα
1871 569 2131 619 praebuissent
2156 569 2278 606 locum
2305 571 2374 607 ad-

141 632 376 669 notationum
405 630 635 676 criticarum,
672 629 803 679 quibus
834 620 1077 677 congerendis
1106 629 1306 667 maximam
1334 628 1513 679 Didymus
1551 640 1702 679 operam
1730 628 1853 676 dedit,
1887 641 1997 680 quam
2024 627 2375 681 quaestionum'j'suo

141 695 271 731 ordine
301 693 645 733 detractandarum,
675 704 829 740 quarum
854 693 1034 729 minorem
1065 704 1190 729 curam
1216 692 1356 729 habuit.
1410 691 1483 729 Sed
1512 692 1624 740 quid?
1653 692 1751 739 quod
1770 704 1844 729 una
1863 693 2030 741 quaestio
2058 691 2113 741 (A
2134 693 2207 729 166
2227 696 2265 730 et
2286 692 2377 741 807)

141 767 180 792 re
209 766 298 792 vera
326 754 371 792 ab
402 757 481 791 arte
511 754 641 791 critica
674 756 710 790 et
739 753 982 801 grammatica
1023 752 1145 790 aliena
1173 765 1253 791 esse
1285 753 1451 791 videtur?
1505 751 1636 790 Nonne
1667 764 1714 790 ex
1743 752 1875 791 ceteris
1905 765 2047 804 quoque
2081 753 2218 792 libellis
2245 752 2376 804 (1349

142 821 178 854 et
206 822 239 855 Z
259 816 316 865 7),
360 828 512 865 quorum
548 816 690 853 iudices
730 816 779 852 ad
815 819 979 852 nostram
1014 818 1175 853 aetatem
1213 818 1473 865 pervenerunt,
1515 815 1695 852 lectiones
1733 819 1777 859 ,et
1811 816 2137 865 interpretationes
2176 817 2376 855 memoriae

141 879 365 917 traduntur?
419 877 539 922 Quid?
576 878 607 916 si
627 878 789 927 reliquos
818 877 1021 927 permultos
1051 877 1210 915 attulero
1241 878 1410 916 libellos?
1443 877 1474 914 si
1494 876 1731 923 scholiorum,
1762 877 1893 926 quibus
1922 878 2132 915 excitantur
2158 878 2277 917 libelli
2304 879 2372 925 illi,

142 943 379 987 argumenta,
413 940 444 975 si
473 940 636 987 ipsorum
671 939 882 975 libellorum
917 939 1178 987 inscriptiones
1207 939 1311 987 quasi
1339 939 1482 975 feroces
1525 949 1568 975 ac
1596 937 1795 975 bellicosas
1829 939 2069 989 respicimus?
2125 938 2227 978 Haec
2255 941 2378 979 omnia

143 1003 279 1039 iterum
309 1014 351 1039 ac
380 1002 531 1039 tertium
558 1013 701 1038 mecum
735 1002 925 1050 reputanti
961 1001 998 1037 id
1026 1002 1150 1049 potius
1178 1001 1391 1038 interfuisse
1420 1001 1508 1037 mihi
1536 1000 1732 1038 videbatur
1759 1001 1858 1038 inter
1884 1001 2050 1047 libellos,
2089 1001 2377 1051 συγγράμματα,

143 1067 179 1101 et
208 1063 504 1109 commentarios,
547 1061 823 1111 ὑπομνήματα,
867 1065 906 1099 ut
940 1062 1059 1099 minus
1094 1062 1178 1112 ipsa
1211 1075 1269 1108 rc,
1312 1074 1422 1112 quam
1456 1061 1726 1112 perscriptione
1768 1073 1811 1099 ac
1844 1062 2032 1100 scribendi
2070 1073 2170 1101 more
2209 1063 2306 1102 inter
2338 1075 2377 1102 se

144 1125 349 1161 differrent.
405 1124 446 1160 In
473 1128 629 1173 utroque
669 1125 847 1160 librorum
884 1136 1019 1171 genere
1049 1136 1107 1161 res
1136 1125 1285 1161 criticae
1315 1129 1352 1161 et
1380 1125 1643 1171 grammaticae
1678 1127 1930 1172 pertractatae
1958 1127 2061 1170 sunt,
2096 1127 2206 1174 atque
2233 1125 2304 1171 ita,
2339 1129 2379 1162 ut

142 1186 181 1223 in
218 1186 506 1231 commentariis,
546 1183 808 1234 ὑπομνήμασι,
838 1185 977 1235 passim
1010 1186 1128 1233 magis
1157 1188 1194 1223 et
1226 1185 1347 1223 soluta
1380 1185 1547 1223 oratione
1582 1184 1737 1233 singulis
1774 1184 1940 1223 versibus
1974 1185 2205 1223 occasionem
2232 1186 2379 1225 demum

144 1248 411 1297 praebentibus
439 1248 644 1285 sententias
672 1259 757 1284 suas
788 1248 832 1284 de
862 1248 1140 1297 quaestionibus
1173 1247 1367 1285 homericis
1397 1247 1666 1294 adscriberent,
1695 1250 1824 1285 contra
1850 1247 1889 1284 in
1917 1247 2074 1294 libellis,
2102 1246 2378 1296 συγγράμμασι,

145 1311 320 1346 continua
348 1310 516 1346 oratione
552 1310 741 1345 doctrinas
769 1321 855 1346 suas
885 1313 1115 1358 exponerent
1151 1312 1189 1346 et
1215 1310 1363 1357 saepius
1391 1309 1500 1345 simul
1529 1309 1839 1357 aggrederentur,
1877 1309 1939 1357 qui
1967 1308 2040 1345 illis
2068 1311 2377 1357 repugnaverant.

144 1370 305 1409 Facilius
339 1371 453 1419 igitur
481 1370 660 1420 Didymus
695 1372 988 1417 commentariis,
1023 1383 1133 1421 quam
1160 1371 1297 1409 libellis
1326 1371 1401 1409 illis
1427 1373 1479 1409 uti
1507 1373 1674 1421 poterat,
1706 1371 1793 1421 quia
1821 1373 1858 1409 et
1886 1370 1965 1420 ipse
1993 1370 2050 1408 vir
2079 1370 2313 1409 doctissimus
2341 1374 2379 1409 et

144 1434 400 1471 commentarii
429 1433 582 1471 Homeri
615 1445 787 1471 versuum
823 1434 991 1471 ordinem
1030 1434 1363 1483 subsequebantur;
1398 1445 1517 1483 neque
1551 1433 1758 1471 sententiae
1792 1435 1940 1470 nostrae
1978 1433 2118 1479 obstat,
2155 1432 2254 1482 quod
2288 1444 2380 1470 non-

144 1496 255 1533 nullis
283 1496 431 1532 illorum
459 1495 596 1532 libellis
626 1496 671 1532 de
701 1496 863 1544 propriis
892 1496 1182 1544 quaestionibus,
1211 1496 1311 1532 velut
1338 1496 1383 1533 de
1412 1495 1545 1532 castris
1574 1494 1767 1542 agebatur.

330 1556 612 1595 Praetereamus
655 1570 750 1595 nunc
793 1557 863 1595 duo
908 1557 1085 1595 librorum
1118 1570 1256 1606 genera
1297 1570 1344 1595 ex
1378 1558 1508 1595 eadem
1552 1556 1735 1594 industria
1778 1556 2020 1604 grammatica
2062 1556 2243 1605 profecta,
2286 1568 2379 1605 quae

144 1619 310 1664 γλῶσσαι
339 1622 376 1655 et
403 1618 559 1667 λέξειςῑ)
587 1622 778 1655 vocantur.
836 1619 889 1656 De
919 1619 974 1655 his
1003 1620 1101 1656 enim
1136 1620 1343 1656 accuratius
1377 1631 1487 1666 agere
1523 1618 1755 1667 propositum
1783 1621 1856 1662 est,
1896 1617 1959 1654 ubi
1987 1618 2032 1654 de
2060 1617 2252 1654 vobabulis
2289 1618 2380 1654 artis

145 1679 420 1728 interpretandi
448 1680 612 1729 propriis
642 1680 879 1727 disseremus,
908 1693 989 1718 cum
1018 1681 1136 1728 magis
1165 1693 1207 1719 eo
1235 1684 1405 1730 spectent
1431 1680 1612 1718 vocabula
1639 1678 1716 1726 illa,
1746 1691 1856 1728 quam
1884 1679 1932 1717 ad
1952 1682 2068 1716 artem
2097 1679 2275 1717 criticam.

1233 1865 1303 1904 11.

332 1968 572 2006 Inveniuntur
607 1969 719 2006 etiam
756 1969 793 2005 in
827 1968 977 2006 scholiis
1016 1970 1152 2007 nostris
1182 1969 1377 2016 vocabula,
1413 1969 1544 2018 quibus
1580 1981 1653 2006 non
1680 1968 1848 2016 singulae
1879 1967 2080 2006 carminum
2114 1967 2381 2007 homericorum

145 2031 340 2077 editiones,
370 2034 434 2069 aut
456 2031 593 2079 singuli
622 2031 785 2067 virorum
815 2031 1006 2068 doctorum
1035 2032 1152 2069 libelli
1181 2032 1416 2079 denotantur,
1445 2033 1569 2070 sedin
1588 2032 1800 2070 universum
1827 2035 1907 2069 tota
1935 2032 2040 2081 quasi
2068 2031 2216 2069 illorum
2243 2043 2381 2080 genera.

145 2096 183 2130 et
211 2105 342 2140 greges
376 2094 580 2141 significari
613 2093 750 2130 solent:
788 2093 960 2141 χρῆσις,
999 2091 1275 2141 παράδοσις,
1307 2092 1539 2142 συνήθεια.
1594 2093 1802 2131 Provocant
1835 2093 1932 2131 enim
1965 2094 2113 2142 saepius
2150 2093 2382 2141 grammatici

147 2154 195 2191 ad
224 2154 302 2201 has,
331 2158 371 2192 ut
400 2156 452 2192 ita
481 2156 615 2201 dicam,
645 2156 900 2201 auctoritates,
931 2154 1204 2204 qualescunque
1232 2158 1329 2201 sunt,
1359 2158 1399 2191 ut
1427 2166 1469 2192 eo
1498 2167 1537 2192 se
1567 2155 1771 2201 conferant,
1801 2158 1862 2192 aut
1889 2155 1975 2192 inde
2004 2155 2196 2193 recedant.
2254 2153 2381 2204 Itaque

146 2217 400 2265 quaerendum
429 2220 497 2263 est,
528 2220 565 2254 et
592 2217 681 2266 quid
709 2217 780 2254 sibi
808 2216 924 2255 velint
951 2216 1132 2253 vocabula
1160 2216 1226 2254 illa
1257 2219 1294 2254 et
1322 2220 1501 2266 quantum
1529 2217 1566 2254 in
1594 2220 1760 2255 nostrum
1789 2217 1965 2254 iudicium
1992 2217 2116 2255 valere
2143 2217 2299 2267 possint.

333 2279 388 2316 Ac
416 2279 595 2328 scriptum
623 2279 778 2326 legimus
808 2279 852 2316 de
881 2277 1107 2327 χρήσεως
1139 2281 1175 2315 et
1202 2277 1545 2327 παραδόσεως
1577 2280 1831 2328 discrepantia
1857 2278 2018 2327 Etymol.
2045 2278 2169 2326 Magn.
2196 2279 2283 2325 815,
2317 2280 2379 2315 17:

145 2339 345 2387 χρῆσις-ε
390 2341 561 2387 διαφέρει
599 2339 640 2376 δὲ
680 2338 951 2387 παραδόσεως·
989 2339 1116 2387 χρῆσις
1153 2342 1224 2386 μὲν
1251 2338 1322 2388 γάρ
1354 2340 1498 2386 λέγεται
1538 2339 1559 2389 ἡ
1591 2341 1666 2377 τῶν
1705 2339 1873 2388 α’ρχαίων
1914 2338 2138 2388 ποιημάτων
2180 2342 2382 2389 μαρτυρία,

145 2400 363 2448 παράδοσις
402 2402 443 2439 δὲ
481 2399 499 2449 ἦ
534 2402 610 2437 τῶν
650 2401 939 2447 γραμματικῶν·
982 2399 1063 2437 οἷον
1094 2399 1142 2436 ’τοὶ
1174 2403 1244 2447 μὲν
1282 2399 1446 2449 Ὁμήρου
1484 2401 1652 2437 καλεῖται
1693 2401 1838 2448 χρῆσις,
1877 2398 1926 2436 τοὶ
1958 2400 1999 2437 δὲ
2031 2399 2280 2448 Ἀριστάρχου
2317 2402 2384 2437 τοῦ

146 2462 412 2509 γραμματικοῦ
439 2459 667 2509 παράδοσις.
723 2459 886 2504 Quocum
905 2461 997 2498 facit
1019 2462 1238 2511 Apollonius
1259 2461 1457 2512 Dyscolus:
1488 2469 1573 2509 περὶ
1593 2462 1805 2506 συντάξεως
1830 2461 1857 2507 Ι,
1876 2462 1923 2499 10
1950 2459 2133 2510 (Bekkeri
2151 2462 2242 2499 edit.
2256 2474 2293 2511 p.
2303 2460 2382 2511 36),

147 2522 210 2569 qui
246 2521 496 2568 παραδόσεως
535 2534 615 2559 esse
654 2523 745 2559 dicit
780 2524 983 2559 carminum
1017 2526 1159 2560 textum
1192 2536 1352 2573 purgare
1398 2527 1435 2561 et
1468 2524 1595 2560 critice
1632 2535 1866 2572 percensere.
1921 2522 2089 2573 Denique
2124 2522 2179 2560 La
2205 2522 2380 2560 Rochius:

145 2580 356 2634 &omerifcbe
390 2581 569 2631 zer-irriti?
609 2596 647 2634 p.
678 2584 751 2622 118
792 2596 895 2635 seqq.
939 2585 1202 2623 vocabulorum
1245 2586 1536 2636 discrepantiam
1576 2585 1630 2623 his
1672 2584 1793 2624 verbis
1837 2584 2050 2624 adumbrat:
2100 2585 2230 2633 χρῆσις
2262 2583 2382 2635 (usus)

146 2643 187 2690 ift
212 2643 265 2681 bie
293 2643 428 2692 iibtidye,
457 2644 689 2693 gembtjnlicbe,
723 2646 940 2694 παράδοσις
966 2646 1018 2683 bie
1045 2646 1191 2696 ricbtige,
1221 2647 1421 2696 begriiubete
1449 2646 1702 2695 &djreibmeik
1758 2646 1914 2693 Diefelbe
1942 2646 2145 2694 &eheutung
2171 2645 2234 2684 mie
2257 2648 2385 2694 χρῆσις

146 2704 205 2755 bot
233 2704 312 2755 aud)
340 2705 528 2756 συνήθεια
556 2706 634 2746 obet
662 2706 705 2745 τό
731 2706 903 2757 σύνηθες.
936 2729 983 2734 -
1017 2707 1163 2746 Codicis
1192 2708 1326 2747 Veneti
1355 2713 1393 2747 A
1421 2708 1571 2747 scholiis
1600 2709 1748 2748 minime
1777 2708 1832 2748 La
1850 2707 1978 2747 Rochii
2008 2709 2173 2746 firmatur
2200 2707 2385 2756 doctrina,

148 2769 211 2818 qui
239 2782 285 2807 ne
314 2769 395 2818 ipse
425 2770 573 2818 quidem
601 2771 827 2808 sententiam
853 2783 958 2808 suam
986 2772 1170 2821 exemplis
1198 2773 1289 2810 satis
1318 2773 1486 2810 stabilire
1515 2775 1652 2821 potest.
1700 2771 1827 2820 Pergit
1855 2772 1952 2809 enim
1979 2771 2105 2820 paullo
2134 2770 2233 2808 infra
2260 2770 2383 2808 allatis

340 2892 361 2932 ¹)
392 2893 437 2924 De
460 2895 565 2926 λέξεως
586 2902 659 2924 voce
681 2893 751 2924 vide
776 2893 819 2924 sis
842 2902 920 2932 quae
943 2894 1071 2933 exposui
1093 2894 1125 2926 in
1148 2895 1379 2926 dissertationis
1401 2904 1488 2927 meae
1509 2904 1582 2935 pag.
1602 2896 1648 2926 10.
1671 2904 1765 2934 seqq..
