<?xml version="1.0" encoding="UTF-8"?>
<!DOCTYPE html PUBLIC "-//W3C//DTD XHTML 1.0 Transitional//EN"
    "http://www.w3.org/TR/xhtml1/DTD/xhtml1-transitional.dtd">
<html xmlns="http://www.w3.org/1999/xhtml" xml:lang="en" lang="en">
 <head>
  <title>
</title>
<meta http-equiv="Content-Type" content="text/html;charset=utf-8" />
  <meta name='ocr-system' content='tesseract 3.04.00' />
  <meta name='ocr-capabilities' content='ocr_page ocr_carea ocr_par ocr_line ocrx_word'/>
</head>
<body>
  <div class='ocr_page' id='page_1' title='image "./4774738_0013.png"; bbox 0 0 2559 3053; ppageno 0'>
   <div class='ocr_carea' id='block_1_1' title="bbox 1251 106 1272 157">
    <p class='ocr_par' dir='ltr' id='par_1_1' title="bbox 1251 106 1272 157">
     <span class='ocr_line' id='line_1_1' title="bbox 1251 106 1272 157; baseline 0 0"><span class='ocrx_word' id='word_1_1' title='bbox 1251 106 1272 157; x_wconf 73' lang='lat'><strong>¹7</strong></span> 
     </span>
    </p>
   </div>
   <div class='ocr_carea' id='block_1_2' title="bbox 1138 171 1382 178">
    <p class='ocr_par' dir='ltr' id='par_1_2' title="bbox 1138 171 1382 178">
     <span class='ocr_line' id='line_1_2' title="bbox 1138 171 1382 178; baseline 0 0"><span class='ocrx_word' id='word_1_2' title='bbox 1138 172 1185 178; x_wconf 36' lang='grc' dir='ltr'><strong>»κα</strong></span> <span class='ocrx_word' id='word_1_3' title='bbox 1191 171 1313 178; x_wconf 38' lang='grc' dir='ltr'><strong>’,Νυκκκ</strong></span> <span class='ocrx_word' id='word_1_4' title='bbox 1320 171 1382 178; x_wconf 39' lang='grc' dir='ltr'><strong>χκ-,ν</strong></span> 
     </span>
    </p>
   </div>
   <div class='ocr_carea' id='block_1_3' title="bbox 111 232 2376 2742">
    <p class='ocr_par' dir='ltr' id='par_1_3' title="bbox 111 232 2375 1455">
     <span class='ocr_line' id='line_1_3' title="bbox 153 232 2371 294; baseline -0.001 -12"><span class='ocrx_word' id='word_1_5' title='bbox 153 232 233 283; x_wconf 78' lang='lat' dir='ltr'><strong>Non</strong></span> <span class='ocrx_word' id='word_1_6' title='bbox 266 236 375 294; x_wconf 80' lang='lat' dir='ltr'><strong>pauci</strong></span> <span class='ocrx_word' id='word_1_7' title='bbox 409 241 680 291; x_wconf 85' lang='lat' dir='ltr'><strong>commentarii,</strong></span> <span class='ocrx_word' id='word_1_8' title='bbox 718 242 861 282; x_wconf 87' lang='lat' dir='ltr'><strong>etiamsi</strong></span> <span class='ocrx_word' id='word_1_9' title='bbox 895 243 1101 282; x_wconf 78' lang='lat' dir='ltr'><strong>Aristarchi</strong></span> <span class='ocrx_word' id='word_1_10' title='bbox 1140 255 1272 282; x_wconf 89' lang='lat' dir='ltr'><strong>nomen</strong></span> <span class='ocrx_word' id='word_1_11' title='bbox 1307 244 1509 293; x_wconf 83' lang='lat' dir='ltr'><strong>praefixum</strong></span> <span class='ocrx_word' id='word_1_12' title='bbox 1546 243 1749 288; x_wconf 85' lang='lat' dir='ltr'><strong>habebant,</strong></span> <span class='ocrx_word' id='word_1_13' title='bbox 1792 253 1866 279; x_wconf 90' lang='lat' dir='ltr'><strong>non</strong></span> <span class='ocrx_word' id='word_1_14' title='bbox 1900 241 1945 279; x_wconf 91' lang='lat' dir='ltr'><strong>ab</strong></span> <span class='ocrx_word' id='word_1_15' title='bbox 1975 242 2056 291; x_wconf 92' lang='lat' dir='ltr'><strong>ipso</strong></span> <span class='ocrx_word' id='word_1_16' title='bbox 2091 241 2268 289; x_wconf 86' lang='lat' dir='ltr'><strong>magistro</strong></span> <span class='ocrx_word' id='word_1_17' title='bbox 2304 241 2371 280; x_wconf 86' lang='lat' dir='ltr'><strong>sed</strong></span> 
     </span>
     <span class='ocr_line' id='line_1_4' title="bbox 155 303 2369 355; baseline -0.002 -10"><span class='ocrx_word' id='word_1_18' title='bbox 155 319 178 345; x_wconf 78' lang='lat' dir='ltr'><strong>a</strong></span> <span class='ocrx_word' id='word_1_19' title='bbox 210 305 400 355; x_wconf 82' lang='lat' dir='ltr'><strong>discipulis</strong></span> <span class='ocrx_word' id='word_1_20' title='bbox 441 306 609 353; x_wconf 80' lang='lat' dir='ltr'><strong>magistri</strong></span> <span class='ocrx_word' id='word_1_21' title='bbox 657 306 757 344; x_wconf 89' lang='lat' dir='ltr'><strong>dicta</strong></span> <span class='ocrx_word' id='word_1_22' title='bbox 803 305 1094 344; x_wconf 83' lang='lat' dir='ltr'><strong>describentibus</strong></span> <span class='ocrx_word' id='word_1_23' title='bbox 1139 305 1297 344; x_wconf 84' lang='lat' dir='ltr'><strong>fortasse</strong></span> <span class='ocrx_word' id='word_1_24' title='bbox 1338 307 1430 343; x_wconf 90' lang='lat' dir='ltr'><strong>editi</strong></span> <span class='ocrx_word' id='word_1_25' title='bbox 1469 309 1570 351; x_wconf 82' lang='lat' dir='ltr'><strong>sunt,</strong></span> <span class='ocrx_word' id='word_1_26' title='bbox 1619 316 1709 353; x_wconf 89' lang='lat' dir='ltr'><strong>quos</strong></span> <span class='ocrx_word' id='word_1_27' title='bbox 1749 303 1981 342; x_wconf 82' lang='lat' dir='ltr'><strong>Ludwichius</strong></span> <span class='ocrx_word' id='word_1_28' title='bbox 2014 303 2047 349; x_wconf 87' lang='lat'><strong>1,</strong></span> <span class='ocrx_word' id='word_1_29' title='bbox 2082 304 2131 340; x_wconf 83' lang='lat'><strong>25</strong></span> <span class='ocrx_word' id='word_1_30' title='bbox 2174 304 2369 341; x_wconf 82' lang='lat' dir='ltr'><strong>vernacule</strong></span> 
     </span>
     <span class='ocr_line' id='line_1_5' title="bbox 157 363 2368 417; baseline -0.001 -12"><span class='ocrx_word' id='word_1_31' title='bbox 157 365 458 417; x_wconf 65' lang='lat' dir='ltr'><strong>„ssuHessicnbefte”</strong></span> <span class='ocrx_word' id='word_1_32' title='bbox 489 367 597 411; x_wconf 88' lang='lat' dir='ltr'><strong>dicit;</strong></span> <span class='ocrx_word' id='word_1_33' title='bbox 642 367 689 405; x_wconf 83' lang='lat' dir='ltr'><strong>cf.</strong></span> <span class='ocrx_word' id='word_1_34' title='bbox 717 369 915 417; x_wconf 87' lang='lat' dir='ltr'><strong>praeterea</strong></span> <span class='ocrx_word' id='word_1_35' title='bbox 941 366 1148 404; x_wconf 87' lang='lat' dir='ltr'><strong>Lehrsium:</strong></span> <span class='ocrx_word' id='word_1_36' title='bbox 1179 366 1234 404; x_wconf 90' lang='lat' dir='ltr'><strong>De</strong></span> <span class='ocrx_word' id='word_1_37' title='bbox 1263 367 1377 404; x_wconf 81' lang='lat' dir='ltr'><strong>Arist.</strong></span> <span class='ocrx_word' id='word_1_38' title='bbox 1405 367 1501 404; x_wconf 88' lang='lat' dir='ltr'><strong>stud.</strong></span> <span class='ocrx_word' id='word_1_39' title='bbox 1531 363 1648 404; x_wconf 77' lang='lat' dir='ltr'><strong>hom.²</strong></span> <span class='ocrx_word' id='word_1_40' title='bbox 1682 377 1718 415; x_wconf 90' lang='lat' dir='ltr'><strong>p.</strong></span> <span class='ocrx_word' id='word_1_41' title='bbox 1738 365 1799 402; x_wconf 86' lang='lat'><strong>21.</strong></span> <span class='ocrx_word' id='word_1_42' title='bbox 1835 386 1882 391; x_wconf 91' lang='lat'><strong>—</strong></span> <span class='ocrx_word' id='word_1_43' title='bbox 1919 365 2088 402; x_wconf 89' lang='lat' dir='ltr'><strong>Aliorum</strong></span> <span class='ocrx_word' id='word_1_44' title='bbox 2123 365 2280 415; x_wconf 88' lang='lat' dir='ltr'><strong>denique</strong></span> <span class='ocrx_word' id='word_1_45' title='bbox 2309 378 2368 403; x_wconf 90' lang='lat' dir='ltr'><strong>re-</strong></span> 
     </span>
     <span class='ocr_line' id='line_1_6' title="bbox 111 425 2371 481; baseline -0.001 -14"><span class='ocrx_word' id='word_1_46' title='bbox 111 477 115 481; x_wconf 27' lang='lat'>.</span> <span class='ocrx_word' id='word_1_47' title='bbox 155 428 328 467; x_wconf 88' lang='lat' dir='ltr'><strong>centioris</strong></span> <span class='ocrx_word' id='word_1_48' title='bbox 362 429 496 467; x_wconf 82' lang='lat' dir='ltr'><strong>aetatis</strong></span> <span class='ocrx_word' id='word_1_49' title='bbox 523 429 775 467; x_wconf 83' lang='lat' dir='ltr'><strong>commentarii</strong></span> <span class='ocrx_word' id='word_1_50' title='bbox 804 431 1136 466; x_wconf 83' lang='lat' dir='ltr'><strong>commemorantur</strong></span> <span class='ocrx_word' id='word_1_51' title='bbox 1164 431 1199 466; x_wconf 85' lang='grc' dir='ltr'><em>Θ</em></span> <span class='ocrx_word' id='word_1_52' title='bbox 1221 429 1300 466; x_wconf 86' lang='grc'><strong>296</strong></span> <span class='ocrx_word' id='word_1_53' title='bbox 1332 431 1396 465; x_wconf 85' lang='grc' dir='ltr'><strong>καί</strong></span> <span class='ocrx_word' id='word_1_54' title='bbox 1421 440 1510 477; x_wconf 63' lang='grc' dir='ltr'>φησι</span> <span class='ocrx_word' id='word_1_55' title='bbox 1535 429 1709 475; x_wconf 74' lang='grc' dir='ltr'><strong>Διογένης</strong></span> <span class='ocrx_word' id='word_1_56' title='bbox 1734 429 1775 463; x_wconf 82' lang='grc' dir='ltr'><strong>ἐν</strong></span> <span class='ocrx_word' id='word_1_57' title='bbox 1799 435 1875 469; x_wconf 85' lang='grc' dir='ltr'>τοῖς</span> <span class='ocrx_word' id='word_1_58' title='bbox 1901 425 2145 474; x_wconf 73' lang='grc' dir='ltr'>ὑπομνήμασι</span> <span class='ocrx_word' id='word_1_59' title='bbox 2180 431 2216 465; x_wconf 84' lang='lat' dir='ltr'><strong>et</strong></span> <span class='ocrx_word' id='word_1_60' title='bbox 2251 431 2272 464; x_wconf 89' lang='grc' dir='ltr'><em>Ι</em></span> <span class='ocrx_word' id='word_1_61' title='bbox 2293 432 2371 465; x_wconf 81' lang='grc'><strong>453</strong></span> 
     </span>
     <span class='ocr_line' id='line_1_7' title="bbox 155 485 2371 537; baseline 0 -11"><span class='ocrx_word' id='word_1_62' title='bbox 155 489 277 525; x_wconf 82' lang='grc' dir='ltr'>ταῦτα</span> <span class='ocrx_word' id='word_1_63' title='bbox 303 486 443 537; x_wconf 74' lang='grc' dir='ltr'>ἱστορεῖ</span> <span class='ocrx_word' id='word_1_64' title='bbox 465 488 748 537; x_wconf 70' lang='grc' dir='ltr'><strong><em>Ἁρποκρατίων</em></strong></span> <span class='ocrx_word' id='word_1_65' title='bbox 775 489 795 526; x_wconf 87' lang='grc' dir='ltr'>ὁ</span> <span class='ocrx_word' id='word_1_66' title='bbox 821 492 915 526; x_wconf 84' lang='grc' dir='ltr'><strong>Διόυ</strong></span> <span class='ocrx_word' id='word_1_67' title='bbox 941 487 1172 532; x_wconf 79' lang='grc' dir='ltr'>διδάσκαλος</span> <span class='ocrx_word' id='word_1_68' title='bbox 1198 489 1239 525; x_wconf 82' lang='grc' dir='ltr'><strong>ἐν</strong></span> <span class='ocrx_word' id='word_1_69' title='bbox 1265 487 1504 536; x_wconf 70' lang='grc' dir='ltr'>ὑπομνήματι</span> <span class='ocrx_word' id='word_1_70' title='bbox 1529 487 1592 535; x_wconf 80' lang='grc' dir='ltr'>τῆς</span> <span class='ocrx_word' id='word_1_71' title='bbox 1614 490 1641 523; x_wconf 94' lang='lat'><strong>1.</strong></span> <span class='ocrx_word' id='word_1_72' title='bbox 1696 485 1796 529; x_wconf 83' lang='lat' dir='ltr'><strong>Quae</strong></span> <span class='ocrx_word' id='word_1_73' title='bbox 1825 498 1905 524; x_wconf 88' lang='lat' dir='ltr'><strong>cum</strong></span> <span class='ocrx_word' id='word_1_74' title='bbox 1933 487 1988 524; x_wconf 90' lang='lat' dir='ltr'><strong>ita</strong></span> <span class='ocrx_word' id='word_1_75' title='bbox 2016 490 2151 535; x_wconf 85' lang='lat' dir='ltr'><strong>essent,</strong></span> <span class='ocrx_word' id='word_1_76' title='bbox 2180 488 2244 525; x_wconf 89' lang='lat' dir='ltr'><strong>alii</strong></span> <span class='ocrx_word' id='word_1_77' title='bbox 2272 500 2371 526; x_wconf 91' lang='lat' dir='ltr'><strong>com-</strong></span> 
     </span>
     <span class='ocr_line' id='line_1_8' title="bbox 154 547 2373 598; baseline 0 -12"><span class='ocrx_word' id='word_1_78' title='bbox 154 549 418 587; x_wconf 86' lang='lat' dir='ltr'><strong>mentariorum</strong></span> <span class='ocrx_word' id='word_1_79' title='bbox 446 551 612 597; x_wconf 85' lang='lat' dir='ltr'><strong>gravius,</strong></span> <span class='ocrx_word' id='word_1_80' title='bbox 646 549 711 587; x_wconf 90' lang='lat' dir='ltr'><strong>alii</strong></span> <span class='ocrx_word' id='word_1_81' title='bbox 737 549 855 587; x_wconf 90' lang='lat' dir='ltr'><strong>levius</strong></span> <span class='ocrx_word' id='word_1_82' title='bbox 888 561 911 587; x_wconf 87' lang='lat' dir='ltr'><strong>a</strong></span> <span class='ocrx_word' id='word_1_83' title='bbox 937 549 1096 598; x_wconf 80' lang='lat' dir='ltr'><strong>posteris</strong></span> <span class='ocrx_word' id='word_1_84' title='bbox 1125 549 1309 586; x_wconf 90' lang='lat' dir='ltr'><strong>aestimati</strong></span> <span class='ocrx_word' id='word_1_85' title='bbox 1336 551 1433 585; x_wconf 87' lang='lat' dir='ltr'><strong>sunt.</strong></span> <span class='ocrx_word' id='word_1_86' title='bbox 1486 547 1579 584; x_wconf 84' lang='lat' dir='ltr'><strong>Nam</strong></span> <span class='ocrx_word' id='word_1_87' title='bbox 1606 547 1806 584; x_wconf 82' lang='lat' dir='ltr'><strong>laudantur</strong></span> <span class='ocrx_word' id='word_1_88' title='bbox 1834 553 1869 585; x_wconf 88' lang='lat' dir='ltr'><em>B</em></span> <span class='ocrx_word' id='word_1_89' title='bbox 1896 552 1972 585; x_wconf 84' lang='lat'><strong>111</strong></span> <span class='ocrx_word' id='word_1_90' title='bbox 2010 548 2085 584; x_wconf 85' lang='grc' dir='ltr'><strong>τῶν</strong></span> <span class='ocrx_word' id='word_1_91' title='bbox 2111 548 2373 597; x_wconf 76' lang='grc' dir='ltr'><em>ἠκριβωμένων</em></span> 
     </span>
     <span class='ocr_line' id='line_1_9' title="bbox 154 607 2371 658; baseline 0 -11"><span class='ocrx_word' id='word_1_92' title='bbox 154 608 437 658; x_wconf 79' lang='grc' dir='ltr'>ὑπομνημάτων</span> <span class='ocrx_word' id='word_1_93' title='bbox 454 609 553 658; x_wconf 86' lang='grc' dir='ltr'>τινά,</span> <span class='ocrx_word' id='word_1_94' title='bbox 585 611 702 648; x_wconf 89' lang='lat' dir='ltr'><strong>simm.</strong></span> <span class='ocrx_word' id='word_1_95' title='bbox 725 613 753 657; x_wconf 85' lang='lat'><strong>1,</strong></span> <span class='ocrx_word' id='word_1_96' title='bbox 775 612 864 657; x_wconf 83' lang='grc'><strong>169,</strong></span> <span class='ocrx_word' id='word_1_97' title='bbox 891 612 928 648; x_wconf 90' lang='lat' dir='ltr'><strong>et</strong></span> <span class='ocrx_word' id='word_1_98' title='bbox 954 612 993 645; x_wconf 89' lang='lat' dir='ltr'><em>H</em></span> <span class='ocrx_word' id='word_1_99' title='bbox 1009 612 1087 647; x_wconf 86' lang='lat'><strong>130</strong></span> <span class='ocrx_word' id='word_1_100' title='bbox 1113 608 1161 646; x_wconf 81' lang='grc' dir='ltr'>τοὶ</span> <span class='ocrx_word' id='word_1_101' title='bbox 1178 608 1412 658; x_wconf 77' lang='grc' dir='ltr'>ἐξητασμένα</span> <span class='ocrx_word' id='word_1_102' title='bbox 1435 607 1506 646; x_wconf 72' lang='grc' dir='ltr'><strong>Ἀ..</strong></span> <span class='ocrx_word' id='word_1_103' title='bbox 1559 607 1828 657; x_wconf 73' lang='lat' dir='ltr'><strong>Comparantur</strong></span> <span class='ocrx_word' id='word_1_104' title='bbox 1856 613 1978 647; x_wconf 88' lang='lat' dir='ltr'><strong>autem</strong></span> <span class='ocrx_word' id='word_1_105' title='bbox 2006 610 2260 647; x_wconf 85' lang='lat' dir='ltr'><strong>commentarii</strong></span> <span class='ocrx_word' id='word_1_106' title='bbox 2289 622 2371 647; x_wconf 92' lang='lat' dir='ltr'><strong>cum</strong></span> 
     </span>
     <span class='ocr_line' id='line_1_10' title="bbox 156 668 2371 720; baseline 0 -13"><span class='ocrx_word' id='word_1_107' title='bbox 156 670 273 708; x_wconf 83' lang='lat' dir='ltr'><strong>altero</strong></span> <span class='ocrx_word' id='word_1_108' title='bbox 306 671 482 709; x_wconf 86' lang='lat' dir='ltr'><strong>librorum</strong></span> <span class='ocrx_word' id='word_1_109' title='bbox 518 672 665 709; x_wconf 88' lang='lat' dir='ltr'><strong>illorum</strong></span> <span class='ocrx_word' id='word_1_110' title='bbox 698 684 833 720; x_wconf 83' lang='lat' dir='ltr'><strong>genere</strong></span> <span class='ocrx_word' id='word_1_111' title='bbox 872 670 957 708; x_wconf 85' lang='lat' dir='ltr'><strong>Did.</strong></span> <span class='ocrx_word' id='word_1_112' title='bbox 983 674 1018 707; x_wconf 93' lang='lat' dir='ltr'><em>B</em></span> <span class='ocrx_word' id='word_1_113' title='bbox 1040 672 1109 708; x_wconf 88' lang='lat'><strong>111</strong></span> <span class='ocrx_word' id='word_1_114' title='bbox 1144 674 1177 706; x_wconf 82' lang='grc' dir='ltr'><strong>εἰ</strong></span> <span class='ocrx_word' id='word_1_115' title='bbox 1200 669 1271 718; x_wconf 77' lang='grc' dir='ltr'>γάρ</span> <span class='ocrx_word' id='word_1_116' title='bbox 1296 668 1345 705; x_wconf 77' lang='grc' dir='ltr'>τοὶ</span> <span class='ocrx_word' id='word_1_117' title='bbox 1370 669 1645 716; x_wconf 82' lang='grc' dir='ltr'>συγγράμματα</span> <span class='ocrx_word' id='word_1_118' title='bbox 1683 670 1757 706; x_wconf 84' lang='grc' dir='ltr'><strong>τῶν</strong></span> <span class='ocrx_word' id='word_1_119' title='bbox 1785 669 2065 719; x_wconf 71' lang='grc' dir='ltr'>ὑπομνημάτων</span> <span class='ocrx_word' id='word_1_120' title='bbox 2090 669 2371 718; x_wconf 76' lang='grc' dir='ltr'>προτάτῖοιμεν.</span> 
     </span>
     <span class='ocr_line' id='line_1_11' title="bbox 154 729 2370 784; baseline -0.001 -13"><span class='ocrx_word' id='word_1_121' title='bbox 154 731 282 783; x_wconf 87' lang='lat' dir='ltr'><strong>Itaque</strong></span> <span class='ocrx_word' id='word_1_122' title='bbox 317 734 468 772; x_wconf 88' lang='lat' dir='ltr'><strong>minoris</strong></span> <span class='ocrx_word' id='word_1_123' title='bbox 505 734 594 772; x_wconf 87' lang='lat' dir='ltr'><strong>fecit</strong></span> <span class='ocrx_word' id='word_1_124' title='bbox 628 733 807 784; x_wconf 85' lang='lat' dir='ltr'><strong>Didymus</strong></span> <span class='ocrx_word' id='word_1_125' title='bbox 841 733 1120 773; x_wconf 85' lang='lat' dir='ltr'><strong>commentarios</strong></span> <span class='ocrx_word' id='word_1_126' title='bbox 1155 744 1264 783; x_wconf 90' lang='lat' dir='ltr'><strong>quam</strong></span> <span class='ocrx_word' id='word_1_127' title='bbox 1298 730 1389 769; x_wconf 86' lang='lat' dir='ltr'><strong>alios</strong></span> <span class='ocrx_word' id='word_1_128' title='bbox 1423 729 1506 768; x_wconf 91' lang='lat' dir='ltr'><strong>illos</strong></span> <span class='ocrx_word' id='word_1_129' title='bbox 1543 730 1676 778; x_wconf 83' lang='lat' dir='ltr'><strong>libros,</strong></span> <span class='ocrx_word' id='word_1_130' title='bbox 1716 731 1755 769; x_wconf 93' lang='lat' dir='ltr'><strong>id</strong></span> <span class='ocrx_word' id='word_1_131' title='bbox 1789 731 1885 780; x_wconf 85' lang='lat' dir='ltr'><strong>quod</strong></span> <span class='ocrx_word' id='word_1_132' title='bbox 1913 732 1976 769; x_wconf 81' lang='lat' dir='ltr'><strong>vix</strong></span> <span class='ocrx_word' id='word_1_133' title='bbox 2002 732 2130 770; x_wconf 89' lang='lat' dir='ltr'><strong>mirari</strong></span> <span class='ocrx_word' id='word_1_134' title='bbox 2164 743 2370 781; x_wconf 88' lang='lat' dir='ltr'><strong>possumus,</strong></span> 
     </span>
     <span class='ocr_line' id='line_1_12' title="bbox 155 792 2371 846; baseline -0 -15"><span class='ocrx_word' id='word_1_135' title='bbox 155 795 187 832; x_wconf 89' lang='lat' dir='ltr'><strong>si</strong></span> <span class='ocrx_word' id='word_1_136' title='bbox 221 795 368 844; x_wconf 90' lang='lat' dir='ltr'><strong>quidem</strong></span> <span class='ocrx_word' id='word_1_137' title='bbox 402 807 581 834; x_wconf 85' lang='lat' dir='ltr'><strong>memores</strong></span> <span class='ocrx_word' id='word_1_138' title='bbox 614 796 781 843; x_wconf 89' lang='lat' dir='ltr'><strong>illorum,</strong></span> <span class='ocrx_word' id='word_1_139' title='bbox 821 808 914 846; x_wconf 89' lang='lat' dir='ltr'><strong>quae</strong></span> <span class='ocrx_word' id='word_1_140' title='bbox 946 806 1060 844; x_wconf 89' lang='lat' dir='ltr'><strong>supra</strong></span> <span class='ocrx_word' id='word_1_141' title='bbox 1093 794 1346 843; x_wconf 83' lang='lat' dir='ltr'><strong>exposuimus,</strong></span> <span class='ocrx_word' id='word_1_142' title='bbox 1387 795 1583 841; x_wconf 88' lang='lat' dir='ltr'><strong>praeterea</strong></span> <span class='ocrx_word' id='word_1_143' title='bbox 1615 792 1793 830; x_wconf 88' lang='lat' dir='ltr'><strong>memoria</strong></span> <span class='ocrx_word' id='word_1_144' title='bbox 1825 795 1989 830; x_wconf 85' lang='lat' dir='ltr'><strong>tenemus</strong></span> <span class='ocrx_word' id='word_1_145' title='bbox 2024 793 2371 832; x_wconf 85' lang='lat' dir='ltr'><strong>commentariorum</strong></span> 
     </span>
     <span class='ocr_line' id='line_1_13' title="bbox 156 852 2371 907; baseline 0 -15"><span class='ocrx_word' id='word_1_146' title='bbox 156 867 230 893; x_wconf 93' lang='lat' dir='ltr'><strong>non</strong></span> <span class='ocrx_word' id='word_1_147' title='bbox 254 856 308 894; x_wconf 87' lang='lat' dir='ltr'><strong>ita</strong></span> <span class='ocrx_word' id='word_1_148' title='bbox 325 868 463 907; x_wconf 87' lang='lat' dir='ltr'><strong>paucos</strong></span> <span class='ocrx_word' id='word_1_149' title='bbox 491 868 559 907; x_wconf 88' lang='lat' dir='ltr'><strong>pro</strong></span> <span class='ocrx_word' id='word_1_150' title='bbox 580 860 746 907; x_wconf 91' lang='lat' dir='ltr'><strong>tempore</strong></span> <span class='ocrx_word' id='word_1_151' title='bbox 774 860 812 895; x_wconf 90' lang='lat' dir='ltr'><strong>et</strong></span> <span class='ocrx_word' id='word_1_152' title='bbox 836 857 884 895; x_wconf 89' lang='lat' dir='ltr'><strong>ad</strong></span> <span class='ocrx_word' id='word_1_153' title='bbox 903 860 1047 906; x_wconf 83' lang='lat' dir='ltr'><strong>tempus</strong></span> <span class='ocrx_word' id='word_1_154' title='bbox 1080 856 1238 893; x_wconf 81' lang='lat' dir='ltr'><strong>fortasse</strong></span> <span class='ocrx_word' id='word_1_155' title='bbox 1267 853 1496 903; x_wconf 85' lang='lat' dir='ltr'><strong>conscriptos</strong></span> <span class='ocrx_word' id='word_1_156' title='bbox 1525 865 1617 892; x_wconf 90' lang='lat' dir='ltr'><strong>esse.</strong></span> <span class='ocrx_word' id='word_1_157' title='bbox 1640 875 1687 879; x_wconf 97' lang='lat'><strong>—</strong></span> <span class='ocrx_word' id='word_1_158' title='bbox 1715 852 1856 900; x_wconf 81' lang='lat' dir='ltr'><strong>Restat,</strong></span> <span class='ocrx_word' id='word_1_159' title='bbox 1884 857 1923 891; x_wconf 87' lang='lat' dir='ltr'><strong>ut</strong></span> <span class='ocrx_word' id='word_1_160' title='bbox 1952 855 1996 892; x_wconf 93' lang='lat' dir='ltr'><strong>de</strong></span> <span class='ocrx_word' id='word_1_161' title='bbox 2026 855 2371 893; x_wconf 86' lang='lat' dir='ltr'><strong>commentariorum</strong></span> 
     </span>
     <span class='ocr_line' id='line_1_14' title="bbox 156 915 2372 968; baseline -0 -13"><span class='ocrx_word' id='word_1_162' title='bbox 156 921 370 965; x_wconf 86' lang='lat' dir='ltr'><strong>argumento</strong></span> <span class='ocrx_word' id='word_1_163' title='bbox 403 918 565 957; x_wconf 88' lang='lat' dir='ltr'><strong>breviter</strong></span> <span class='ocrx_word' id='word_1_164' title='bbox 600 931 720 967; x_wconf 75' lang='lat' dir='ltr'><strong>aga-m.</strong></span> <span class='ocrx_word' id='word_1_165' title='bbox 773 918 1018 968; x_wconf 87' lang='lat' dir='ltr'><strong>Disputantur</strong></span> <span class='ocrx_word' id='word_1_166' title='bbox 1051 920 1173 955; x_wconf 87' lang='lat' dir='ltr'><strong>autem</strong></span> <span class='ocrx_word' id='word_1_167' title='bbox 1212 915 1285 953; x_wconf 91' lang='lat' dir='ltr'><strong>illis</strong></span> <span class='ocrx_word' id='word_1_168' title='bbox 1320 915 1554 965; x_wconf 83' lang='lat' dir='ltr'><strong>quaestiones</strong></span> <span class='ocrx_word' id='word_1_169' title='bbox 1594 919 1631 953; x_wconf 90' lang='lat' dir='ltr'><strong>et</strong></span> <span class='ocrx_word' id='word_1_170' title='bbox 1658 916 1750 953; x_wconf 89' lang='lat' dir='ltr'><strong>artis</strong></span> <span class='ocrx_word' id='word_1_171' title='bbox 1785 916 1934 953; x_wconf 85' lang='lat' dir='ltr'><strong>criticae</strong></span> <span class='ocrx_word' id='word_1_172' title='bbox 1971 920 2008 954; x_wconf 92' lang='lat' dir='ltr'><strong>et</strong></span> <span class='ocrx_word' id='word_1_173' title='bbox 2035 918 2298 964; x_wconf 81' lang='lat' dir='ltr'><strong>grammaticae</strong></span> <span class='ocrx_word' id='word_1_174' title='bbox 2335 920 2372 954; x_wconf 91' lang='lat' dir='ltr'><strong>et</strong></span> 
     </span>
     <span class='ocr_line' id='line_1_15' title="bbox 155 977 2375 1029; baseline -0 -14"><span class='ocrx_word' id='word_1_175' title='bbox 155 979 489 1028; x_wconf 85' lang='lat' dir='ltr'><strong>interpretationis:</strong></span> <span class='ocrx_word' id='word_1_176' title='bbox 539 980 749 1029; x_wconf 86' lang='lat' dir='ltr'><strong>disputatur</strong></span> <span class='ocrx_word' id='word_1_177' title='bbox 788 982 824 1015; x_wconf 89' lang='lat' dir='ltr'><em>B</em></span> <span class='ocrx_word' id='word_1_178' title='bbox 846 980 915 1017; x_wconf 86' lang='lat'><strong>111</strong></span> <span class='ocrx_word' id='word_1_179' title='bbox 959 979 1004 1016; x_wconf 87' lang='lat' dir='ltr'><strong>de</strong></span> <span class='ocrx_word' id='word_1_180' title='bbox 1044 982 1159 1027; x_wconf 74' lang='grc' dir='ltr'>μέγας</span> <span class='ocrx_word' id='word_1_181' title='bbox 1198 980 1235 1014; x_wconf 94' lang='lat' dir='ltr'><strong>et</strong></span> <span class='ocrx_word' id='word_1_182' title='bbox 1266 979 1360 1024; x_wconf 76' lang='grc' dir='ltr'>μέγα</span> <span class='ocrx_word' id='word_1_183' title='bbox 1392 977 1611 1014; x_wconf 88' lang='lat' dir='ltr'><strong>lectionibus</strong></span> <span class='ocrx_word' id='word_1_184' title='bbox 1639 977 1769 1022; x_wconf 90' lang='lat' dir='ltr'><strong>variis,</strong></span> <span class='ocrx_word' id='word_1_185' title='bbox 1811 981 1845 1013; x_wconf 87' lang='lat' dir='ltr'><em>E</em></span> <span class='ocrx_word' id='word_1_186' title='bbox 1866 982 1945 1015; x_wconf 78' lang='lat'><strong>857</strong></span> <span class='ocrx_word' id='word_1_187' title='bbox 1984 979 2028 1016; x_wconf 89' lang='lat' dir='ltr'><strong>de</strong></span> <span class='ocrx_word' id='word_1_188' title='bbox 2062 979 2298 1016; x_wconf 76' lang='grc' dir='ltr'>στελλέσκετο</span> <span class='ocrx_word' id='word_1_189' title='bbox 2338 982 2375 1015; x_wconf 89' lang='lat' dir='ltr'><strong>et</strong></span> 
     </span>
     <span class='ocr_line' id='line_1_16' title="bbox 156 1037 2374 1089; baseline -0 -14"><span class='ocrx_word' id='word_1_190' title='bbox 156 1038 396 1088; x_wconf 75' lang='grc' dir='ltr'>ζωννύσκετο,</span> <span class='ocrx_word' id='word_1_191' title='bbox 425 1045 467 1078; x_wconf 87' lang='grc' dir='ltr'><em>Η</em></span> <span class='ocrx_word' id='word_1_192' title='bbox 483 1044 535 1078; x_wconf 87' lang='grc'><strong>81</strong></span> <span class='ocrx_word' id='word_1_193' title='bbox 563 1041 608 1078; x_wconf 84' lang='lat' dir='ltr'><strong>de</strong></span> <span class='ocrx_word' id='word_1_194' title='bbox 636 1040 831 1089; x_wconf 80' lang='grc' dir='ltr'>ἐδάμνατο</span> <span class='ocrx_word' id='word_1_195' title='bbox 857 1044 895 1078; x_wconf 89' lang='lat' dir='ltr'><strong>et</strong></span> <span class='ocrx_word' id='word_1_196' title='bbox 921 1043 1095 1087; x_wconf 63' lang='grc' dir='ltr'>ἐτείρειο,</span> <span class='ocrx_word' id='word_1_197' title='bbox 1127 1039 1337 1087; x_wconf 86' lang='lat' dir='ltr'><strong>disputatur</strong></span> <span class='ocrx_word' id='word_1_198' title='bbox 1366 1038 1410 1074; x_wconf 90' lang='lat' dir='ltr'><strong>de</strong></span> <span class='ocrx_word' id='word_1_199' title='bbox 1440 1039 1690 1085; x_wconf 83' lang='lat' dir='ltr'><strong>grammaticis</strong></span> <span class='ocrx_word' id='word_1_200' title='bbox 1718 1043 1753 1074; x_wconf 87' lang='grc' dir='ltr'><em>Β</em></span> <span class='ocrx_word' id='word_1_201' title='bbox 1773 1040 1853 1074; x_wconf 88' lang='grc'><strong>397</strong></span> <span class='ocrx_word' id='word_1_202' title='bbox 1881 1037 2073 1087; x_wconf 74' lang='grc' dir='ltr'>γένωνται]</span> <span class='ocrx_word' id='word_1_203' title='bbox 2100 1037 2217 1088; x_wconf 69' lang='grc' dir='ltr'>τούτῳ</span> <span class='ocrx_word' id='word_1_204' title='bbox 2244 1039 2284 1075; x_wconf 82' lang='grc' dir='ltr'><strong>δὲ</strong></span> <span class='ocrx_word' id='word_1_205' title='bbox 2311 1044 2374 1075; x_wconf 80' lang='grc' dir='ltr'><strong><em>καί</em></strong></span> 
     </span>
     <span class='ocr_line' id='line_1_17' title="bbox 156 1096 2372 1151; baseline 0 -17"><span class='ocrx_word' id='word_1_206' title='bbox 156 1099 176 1134; x_wconf 85' lang='grc' dir='ltr'>ὁ</span> <span class='ocrx_word' id='word_1_207' title='bbox 201 1100 240 1135; x_wconf 78' lang='grc' dir='ltr'><strong>ἐκ</strong></span> <span class='ocrx_word' id='word_1_208' title='bbox 265 1101 340 1136; x_wconf 82' lang='grc' dir='ltr'><strong>τῶν</strong></span> <span class='ocrx_word' id='word_1_209' title='bbox 366 1099 650 1149; x_wconf 68' lang='grc' dir='ltr'>ὑπομνημάτων</span> <span class='ocrx_word' id='word_1_210' title='bbox 674 1100 780 1146; x_wconf 80' lang='grc' dir='ltr'>λόγος</span> <span class='ocrx_word' id='word_1_211' title='bbox 805 1100 997 1138; x_wconf 80' lang='grc' dir='ltr'>ὑπόκειται</span> <span class='ocrx_word' id='word_1_212' title='bbox 1025 1100 1119 1146; x_wconf 76' lang='grc' dir='ltr'>ἔχων</span> <span class='ocrx_word' id='word_1_213' title='bbox 1143 1096 1252 1151; x_wconf 66' lang='grc' dir='ltr'>τῇδε,</span> <span class='ocrx_word' id='word_1_214' title='bbox 1285 1099 1310 1135; x_wconf 91' lang='lat' dir='ltr'><strong>i.</strong></span> <span class='ocrx_word' id='word_1_215' title='bbox 1332 1111 1364 1135; x_wconf 86' lang='lat' dir='ltr'><strong>e.</strong></span> <span class='ocrx_word' id='word_1_216' title='bbox 1392 1098 1475 1135; x_wconf 89' lang='lat' dir='ltr'><strong>huic</strong></span> <span class='ocrx_word' id='word_1_217' title='bbox 1501 1099 1605 1135; x_wconf 84' lang='lat' dir='ltr'><strong>verbi</strong></span> <span class='ocrx_word' id='word_1_218' title='bbox 1632 1099 1773 1135; x_wconf 87' lang='lat' dir='ltr'><strong>formae</strong></span> <span class='ocrx_word' id='word_1_219' title='bbox 1801 1097 1891 1134; x_wconf 88' lang='lat' dir='ltr'><strong>haec</strong></span> <span class='ocrx_word' id='word_1_220' title='bbox 1919 1099 1957 1134; x_wconf 90' lang='lat' dir='ltr'><strong>in</strong></span> <span class='ocrx_word' id='word_1_221' title='bbox 1985 1099 2255 1135; x_wconf 88' lang='lat' dir='ltr'><strong>commentariis</strong></span> <span class='ocrx_word' id='word_1_222' title='bbox 2285 1110 2372 1135; x_wconf 90' lang='lat' dir='ltr'><strong>con-</strong></span> 
     </span>
     <span class='ocr_line' id='line_1_18' title="bbox 155 1156 2373 1208; baseline -0.001 -12"><span class='ocrx_word' id='word_1_223' title='bbox 155 1159 312 1197; x_wconf 81' lang='lat' dir='ltr'><strong>firmatio</strong></span> <span class='ocrx_word' id='word_1_224' title='bbox 337 1160 502 1197; x_wconf 80' lang='lat' dir='ltr'><strong>additur:</strong></span> <span class='ocrx_word' id='word_1_225' title='bbox 532 1162 594 1198; x_wconf 79' lang='grc' dir='ltr'>ἐπὶ</span> <span class='ocrx_word' id='word_1_226' title='bbox 616 1161 691 1197; x_wconf 79' lang='grc' dir='ltr'><strong>τῶν</strong></span> <span class='ocrx_word' id='word_1_227' title='bbox 716 1159 894 1207; x_wconf 77' lang='grc' dir='ltr'>κυμάτων</span> <span class='ocrx_word' id='word_1_228' title='bbox 918 1160 1008 1205; x_wconf 74' lang='grc' dir='ltr'>λέγει</span> <span class='ocrx_word' id='word_1_229' title='bbox 1036 1157 1079 1196; x_wconf 77' lang='grc' dir='ltr'>τὸ</span> <span class='ocrx_word' id='word_1_230' title='bbox 1100 1162 1278 1204; x_wconf 79' lang='grc' dir='ltr'>γένωνται</span> <span class='ocrx_word' id='word_1_231' title='bbox 1307 1158 1374 1208; x_wconf 83' lang='lat' dir='ltr'><strong>(sc.</strong></span> <span class='ocrx_word' id='word_1_232' title='bbox 1394 1172 1467 1196; x_wconf 85' lang='lat' dir='ltr'><strong>non</strong></span> <span class='ocrx_word' id='word_1_233' title='bbox 1494 1160 1675 1207; x_wconf 76' lang='grc' dir='ltr'>γένηται)·</span> <span class='ocrx_word' id='word_1_234' title='bbox 1705 1156 1759 1208; x_wconf 73' lang='grc' dir='ltr'>τῷ</span> <span class='ocrx_word' id='word_1_235' title='bbox 1782 1157 1936 1207; x_wconf 71' lang='grc' dir='ltr'>τοιούτῳ</span> <span class='ocrx_word' id='word_1_236' title='bbox 1963 1158 2163 1202; x_wconf 76' lang='grc' dir='ltr'>πλεονάκις</span> <span class='ocrx_word' id='word_1_237' title='bbox 2188 1163 2373 1207; x_wconf 69' lang='grc' dir='ltr'>κέχρηται,</span> 
     </span>
     <span class='ocr_line' id='line_1_19' title="bbox 156 1217 2372 1270; baseline -0 -14"><span class='ocrx_word' id='word_1_238' title='bbox 156 1218 249 1256; x_wconf 82' lang='grc' dir='ltr'>ὥστε</span> <span class='ocrx_word' id='word_1_239' title='bbox 279 1226 342 1258; x_wconf 79' lang='grc' dir='ltr'><strong>καὶ</strong></span> <span class='ocrx_word' id='word_1_240' title='bbox 375 1223 436 1258; x_wconf 78' lang='grc' dir='ltr'>ἐπὶ</span> <span class='ocrx_word' id='word_1_241' title='bbox 468 1221 542 1257; x_wconf 82' lang='grc' dir='ltr'><strong>τῶν</strong></span> <span class='ocrx_word' id='word_1_242' title='bbox 584 1219 786 1269; x_wconf 71' lang='grc' dir='ltr'>οὐδετέρων</span> <span class='ocrx_word' id='word_1_243' title='bbox 817 1217 865 1256; x_wconf 78' lang='grc' dir='ltr'><strong>τά</strong></span> <span class='ocrx_word' id='word_1_244' title='bbox 899 1217 1138 1269; x_wconf 69' lang='grc' dir='ltr'>πληθυντικοὶ</span> <span class='ocrx_word' id='word_1_245' title='bbox 1175 1219 1489 1268; x_wconf 68' lang='grc' dir='ltr'>παραλαμβάνει,</span> <span class='ocrx_word' id='word_1_246' title='bbox 1536 1220 1560 1256; x_wconf 87' lang='lat' dir='ltr'><strong>i.</strong></span> <span class='ocrx_word' id='word_1_247' title='bbox 1583 1232 1614 1256; x_wconf 87' lang='lat' dir='ltr'><strong>e.</strong></span> <span class='ocrx_word' id='word_1_248' title='bbox 1649 1221 1796 1270; x_wconf 85' lang='lat' dir='ltr'><strong>saepius</strong></span> <span class='ocrx_word' id='word_1_249' title='bbox 1838 1231 1917 1257; x_wconf 77' lang='lat' dir='ltr'><strong>cuin</strong></span> <span class='ocrx_word' id='word_1_250' title='bbox 1963 1219 2182 1256; x_wconf 77' lang='lat' dir='ltr'><strong>substantivi</strong></span> <span class='ocrx_word' id='word_1_251' title='bbox 2226 1220 2372 1267; x_wconf 86' lang='lat' dir='ltr'><strong>generis</strong></span> 
     </span>
     <span class='ocr_line' id='line_1_20' title="bbox 155 1281 2374 1331; baseline 0 -13"><span class='ocrx_word' id='word_1_252' title='bbox 155 1282 320 1319; x_wconf 87' lang='lat' dir='ltr'><strong>neutrius</strong></span> <span class='ocrx_word' id='word_1_253' title='bbox 358 1295 509 1320; x_wconf 88' lang='lat' dir='ltr'><strong>numero</strong></span> <span class='ocrx_word' id='word_1_254' title='bbox 548 1282 683 1331; x_wconf 89' lang='lat' dir='ltr'><strong>plurali</strong></span> <span class='ocrx_word' id='word_1_255' title='bbox 727 1283 915 1330; x_wconf 86' lang='lat' dir='ltr'><strong>coniungit</strong></span> <span class='ocrx_word' id='word_1_256' title='bbox 952 1282 1065 1319; x_wconf 85' lang='lat' dir='ltr'><strong>etiam</strong></span> <span class='ocrx_word' id='word_1_257' title='bbox 1105 1294 1296 1319; x_wconf 86' lang='lat' dir='ltr'><strong>numerum</strong></span> <span class='ocrx_word' id='word_1_258' title='bbox 1327 1282 1509 1330; x_wconf 85' lang='lat' dir='ltr'><strong>pluralem</strong></span> <span class='ocrx_word' id='word_1_259' title='bbox 1543 1282 1663 1325; x_wconf 77' lang='lat' dir='ltr'><strong>verbi;</strong></span> <span class='ocrx_word' id='word_1_260' title='bbox 1704 1284 1822 1319; x_wconf 91' lang='lat' dir='ltr'><strong>simm.</strong></span> <span class='ocrx_word' id='word_1_261' title='bbox 1858 1285 1891 1317; x_wconf 89' lang='grc' dir='ltr'><strong><em>Τ</em></strong></span> <span class='ocrx_word' id='word_1_262' title='bbox 1907 1283 1973 1324; x_wconf 82' lang='lat'><strong>57;</strong></span> <span class='ocrx_word' id='word_1_263' title='bbox 2026 1283 2183 1330; x_wconf 89' lang='lat' dir='ltr'><strong>denique</strong></span> <span class='ocrx_word' id='word_1_264' title='bbox 2222 1281 2374 1318; x_wconf 87' lang='lat' dir='ltr'><strong>Homeri</strong></span> 
     </span>
     <span class='ocr_line' id='line_1_21' title="bbox 155 1341 2374 1394; baseline 0 -14"><span class='ocrx_word' id='word_1_265' title='bbox 155 1342 351 1381; x_wconf 88' lang='lat' dir='ltr'><strong>verborum</strong></span> <span class='ocrx_word' id='word_1_266' title='bbox 391 1344 491 1382; x_wconf 91' lang='lat' dir='ltr'><strong>notio</strong></span> <span class='ocrx_word' id='word_1_267' title='bbox 535 1344 691 1382; x_wconf 86' lang='lat' dir='ltr'><strong>obscura</strong></span> <span class='ocrx_word' id='word_1_268' title='bbox 731 1343 1010 1394; x_wconf 88' lang='lat' dir='ltr'><strong>interpretando</strong></span> <span class='ocrx_word' id='word_1_269' title='bbox 1052 1342 1274 1393; x_wconf 83' lang='lat' dir='ltr'><strong>explanatur</strong></span> <span class='ocrx_word' id='word_1_270' title='bbox 1315 1343 1444 1382; x_wconf 70' lang='lat'>3435</span> <span class='ocrx_word' id='word_1_271' title='bbox 1478 1342 1589 1387; x_wconf 74' lang='grc' dir='ltr'>λέξεις</span> <span class='ocrx_word' id='word_1_272' title='bbox 1623 1344 1661 1381; x_wconf 72' lang='grc' dir='ltr'><strong>ἐκ</strong></span> <span class='ocrx_word' id='word_1_273' title='bbox 1692 1343 1758 1382; x_wconf 82' lang='grc' dir='ltr'><strong>τοῦ</strong></span> <span class='ocrx_word' id='word_1_274' title='bbox 1790 1347 1825 1381; x_wconf 87' lang='grc' dir='ltr'><em>Β</em></span> <span class='ocrx_word' id='word_1_275' title='bbox 1857 1343 1922 1393; x_wconf 73' lang='grc' dir='ltr'><strong>τῆς</strong></span> <span class='ocrx_word' id='word_1_276' title='bbox 1952 1341 2126 1387; x_wconf 72' lang='grc' dir='ltr'>Ἰλιάδος·</span> <span class='ocrx_word' id='word_1_277' title='bbox 2162 1343 2267 1393; x_wconf 70' lang='grc' dir='ltr'>δηθά</span> <span class='ocrx_word' id='word_1_278' title='bbox 2293 1341 2374 1393; x_wconf 72' lang='lat' dir='ltr'><strong>(z)</strong></span> 
     </span>
     <span class='ocr_line' id='line_1_22' title="bbox 155 1404 2074 1455; baseline -0.001 -14"><span class='ocrx_word' id='word_1_279' title='bbox 155 1405 278 1442; x_wconf 71' lang='grc' dir='ltr'>πολῦν</span> <span class='ocrx_word' id='word_1_280' title='bbox 302 1405 459 1453; x_wconf 83' lang='grc' dir='ltr'>χρόνον·</span> <span class='ocrx_word' id='word_1_281' title='bbox 489 1405 583 1444; x_wconf 68' lang='grc' dir='ltr'>αὖθι</span> <span class='ocrx_word' id='word_1_282' title='bbox 607 1405 689 1455; x_wconf 74' lang='lat' dir='ltr'><strong>(z)</strong></span> <span class='ocrx_word' id='word_1_283' title='bbox 718 1405 853 1442; x_wconf 78' lang='grc' dir='ltr'>αὐτοῦ·</span> <span class='ocrx_word' id='word_1_284' title='bbox 880 1405 1075 1453; x_wconf 71' lang='grc' dir='ltr'>λεγώμεθα</span> <span class='ocrx_word' id='word_1_285' title='bbox 1103 1404 1186 1453; x_wconf 70' lang='lat' dir='ltr'><strong>(z)</strong></span> <span class='ocrx_word' id='word_1_286' title='bbox 1216 1404 1586 1452; x_wconf 61' lang='grc' dir='ltr'>συναθροιζώμεθα,</span> <span class='ocrx_word' id='word_1_287' title='bbox 1618 1406 1735 1441; x_wconf 87' lang='lat' dir='ltr'><strong>simm.</strong></span> <span class='ocrx_word' id='word_1_288' title='bbox 1765 1409 1799 1440; x_wconf 87' lang='lat' dir='ltr'><em>B</em></span> <span class='ocrx_word' id='word_1_289' title='bbox 1817 1407 1905 1451; x_wconf 76' lang='lat'>420,</span> <span class='ocrx_word' id='word_1_290' title='bbox 1939 1406 2074 1441; x_wconf 75' lang='lat' dir='ltr'>Y471.</span> 
     </span>
    </p>

    <p class='ocr_par' dir='ltr' id='par_1_4' title="bbox 153 1463 2376 1883">
     <span class='ocr_line' id='line_1_23' title="bbox 340 1463 2373 1515; baseline 0 -11"><span class='ocrx_word' id='word_1_291' title='bbox 340 1466 510 1505; x_wconf 90' lang='lat' dir='ltr'><strong>Alterum</strong></span> <span class='ocrx_word' id='word_1_292' title='bbox 552 1467 680 1505; x_wconf 89' lang='lat' dir='ltr'><strong>horum</strong></span> <span class='ocrx_word' id='word_1_293' title='bbox 727 1467 904 1505; x_wconf 89' lang='lat' dir='ltr'><strong>librorum</strong></span> <span class='ocrx_word' id='word_1_294' title='bbox 951 1478 1065 1514; x_wconf 88' lang='lat' dir='ltr'><strong>genus</strong></span> <span class='ocrx_word' id='word_1_295' title='bbox 1110 1470 1216 1505; x_wconf 88' lang='lat' dir='ltr'><strong>erant</strong></span> <span class='ocrx_word' id='word_1_296' title='bbox 1270 1463 1600 1514; x_wconf 80' lang='grc' dir='ltr'>συγγράμματα</span> <span class='ocrx_word' id='word_1_297' title='bbox 1641 1467 1717 1506; x_wconf 88' lang='lat' dir='ltr'><strong>sive</strong></span> <span class='ocrx_word' id='word_1_298' title='bbox 1759 1465 2111 1515; x_wconf 85' lang='grc' dir='ltr'>διαγράμματα.</span> <span class='ocrx_word' id='word_1_299' title='bbox 2192 1468 2373 1506; x_wconf 87' lang='lat' dir='ltr'><strong>Auctores</strong></span> 
     </span>
     <span class='ocr_line' id='line_1_24' title="bbox 156 1527 2374 1577; baseline 0 -13"><span class='ocrx_word' id='word_1_300' title='bbox 156 1539 280 1565; x_wconf 89' lang='lat' dir='ltr'><strong>eorum</strong></span> <span class='ocrx_word' id='word_1_301' title='bbox 320 1529 468 1567; x_wconf 86' lang='lat' dir='ltr'><strong>fuerunt</strong></span> <span class='ocrx_word' id='word_1_302' title='bbox 510 1534 595 1568; x_wconf 87' lang='lat' dir='ltr'><strong>ante</strong></span> <span class='ocrx_word' id='word_1_303' title='bbox 628 1529 883 1567; x_wconf 86' lang='lat' dir='ltr'><strong>Arist-archum</strong></span> <span class='ocrx_word' id='word_1_304' title='bbox 918 1529 1137 1577; x_wconf 89' lang='lat' dir='ltr'><strong>Apollonius</strong></span> <span class='ocrx_word' id='word_1_305' title='bbox 1176 1529 1337 1566; x_wconf 88' lang='lat' dir='ltr'><strong>Rhodius</strong></span> <span class='ocrx_word' id='word_1_306' title='bbox 1381 1527 1466 1564; x_wconf 91' lang='lat' dir='ltr'><strong>Did.</strong></span> <span class='ocrx_word' id='word_1_307' title='bbox 1497 1532 1533 1563; x_wconf 87' lang='lat' dir='ltr'><strong><em>N</em></strong></span> <span class='ocrx_word' id='word_1_308' title='bbox 1556 1529 1628 1565; x_wconf 81' lang='lat'><strong>657</strong></span> <span class='ocrx_word' id='word_1_309' title='bbox 1666 1529 1920 1573; x_wconf 63' lang='grc' dir='ltr'>Ἀπολλώνιος</span> <span class='ocrx_word' id='word_1_310' title='bbox 1950 1528 2095 1571; x_wconf 85' lang='grc' dir='ltr'>Ῥόδιος</span> <span class='ocrx_word' id='word_1_311' title='bbox 2126 1530 2167 1565; x_wconf 78' lang='grc' dir='ltr'><strong>ἓν</strong></span> <span class='ocrx_word' id='word_1_312' title='bbox 2199 1529 2251 1577; x_wconf 81' lang='grc' dir='ltr'>τῷ</span> <span class='ocrx_word' id='word_1_313' title='bbox 2280 1528 2374 1576; x_wconf 78' lang='grc' dir='ltr'>πρὸς</span> 
     </span>
     <span class='ocr_line' id='line_1_25' title="bbox 154 1589 2374 1642; baseline 0 -16"><span class='ocrx_word' id='word_1_314' title='bbox 154 1589 384 1639; x_wconf 77' lang='grc' dir='ltr'>Ζηνόδοτον,</span> <span class='ocrx_word' id='word_1_315' title='bbox 399 1589 427 1640; x_wconf 82' lang='lat'><strong>¹)</strong></span> <span class='ocrx_word' id='word_1_316' title='bbox 476 1594 513 1629; x_wconf 86' lang='lat' dir='ltr'><strong>et</strong></span> <span class='ocrx_word' id='word_1_317' title='bbox 546 1591 769 1629; x_wconf 87' lang='lat' dir='ltr'><strong>Athenocles</strong></span> <span class='ocrx_word' id='word_1_318' title='bbox 810 1590 894 1627; x_wconf 88' lang='lat' dir='ltr'><strong>Did.</strong></span> <span class='ocrx_word' id='word_1_319' title='bbox 936 1594 970 1627; x_wconf 95' lang='lat' dir='ltr'><em>Z</em></span> <span class='ocrx_word' id='word_1_320' title='bbox 996 1592 1039 1627; x_wconf 85' lang='grc'><strong>71</strong></span> <span class='ocrx_word' id='word_1_321' title='bbox 1082 1590 1355 1640; x_wconf 68' lang='grc' dir='ltr'>Ἀθηνοκλὲους</span> <span class='ocrx_word' id='word_1_322' title='bbox 1394 1592 1434 1628; x_wconf 81' lang='grc' dir='ltr'><strong>δὲ</strong></span> <span class='ocrx_word' id='word_1_323' title='bbox 1473 1592 1513 1629; x_wconf 79' lang='grc' dir='ltr'><strong>ἐν</strong></span> <span class='ocrx_word' id='word_1_324' title='bbox 1551 1590 1646 1642; x_wconf 68' lang='grc' dir='ltr'><strong>τῷῙ)</strong></span> <span class='ocrx_word' id='word_1_325' title='bbox 1697 1597 1781 1639; x_wconf 78' lang='grc' dir='ltr'>περὶ</span> <span class='ocrx_word' id='word_1_326' title='bbox 1820 1590 1982 1640; x_wconf 65' lang='grc' dir='ltr'>Ὀμήρου</span> <span class='ocrx_word' id='word_1_327' title='bbox 2021 1589 2374 1639; x_wconf 78' lang='grc' dir='ltr'>παρατηρήσαντος.</span> 
     </span>
     <span class='ocr_line' id='line_1_26' title="bbox 154 1649 2376 1700; baseline -0 -14"><span class='ocrx_word' id='word_1_328' title='bbox 154 1649 327 1699; x_wconf 79' lang='lat' dir='ltr'><strong>Sequitur</strong></span> <span class='ocrx_word' id='word_1_329' title='bbox 353 1652 432 1700; x_wconf 90' lang='lat' dir='ltr'><strong>ipse</strong></span> <span class='ocrx_word' id='word_1_330' title='bbox 460 1653 696 1690; x_wconf 82' lang='lat' dir='ltr'><strong>Aristarchus</strong></span> <span class='ocrx_word' id='word_1_331' title='bbox 723 1657 762 1689; x_wconf 89' lang='lat' dir='ltr'><em>A</em></span> <span class='ocrx_word' id='word_1_332' title='bbox 783 1653 858 1689; x_wconf 81' lang='grc'><strong>524</strong></span> <span class='ocrx_word' id='word_1_333' title='bbox 885 1653 940 1689; x_wconf 81' lang='lat' dir='ltr'><strong>²A.</strong></span> <span class='ocrx_word' id='word_1_334' title='bbox 967 1654 1008 1688; x_wconf 77' lang='grc' dir='ltr'><strong>ἐν</strong></span> <span class='ocrx_word' id='word_1_335' title='bbox 1033 1659 1109 1695; x_wconf 79' lang='grc' dir='ltr'>τοῖς</span> <span class='ocrx_word' id='word_1_336' title='bbox 1134 1650 1229 1698; x_wconf 79' lang='grc' dir='ltr'>πρὸς</span> <span class='ocrx_word' id='word_1_337' title='bbox 1256 1652 1427 1699; x_wconf 77' lang='grc' dir='ltr'>Φιλητᾶν</span> <span class='ocrx_word' id='word_1_338' title='bbox 1450 1656 1675 1700; x_wconf 55' lang='grc' dir='ltr'>προφέρεται</span> <span class='ocrx_word' id='word_1_339' title='bbox 1687 1666 1700 1698; x_wconf 88' lang='grc'>,·</span> <span class='ocrx_word' id='word_1_340' title='bbox 1733 1656 1752 1688; x_wconf 88' lang='lat'><em>1</em></span> <span class='ocrx_word' id='word_1_341' title='bbox 1769 1653 1843 1689; x_wconf 71' lang='lat'><strong>349</strong></span> <span class='ocrx_word' id='word_1_342' title='bbox 1870 1654 1911 1688; x_wconf 80' lang='grc' dir='ltr'><strong>ἐν</strong></span> <span class='ocrx_word' id='word_1_343' title='bbox 1938 1652 1991 1700; x_wconf 78' lang='grc' dir='ltr'>τῷ</span> <span class='ocrx_word' id='word_1_344' title='bbox 2015 1657 2100 1699; x_wconf 82' lang='grc' dir='ltr'>περὶ</span> <span class='ocrx_word' id='word_1_345' title='bbox 2125 1649 2287 1692; x_wconf 76' lang='grc' dir='ltr'>Ἰλιάδος</span> <span class='ocrx_word' id='word_1_346' title='bbox 2313 1656 2376 1685; x_wconf 78' lang='grc' dir='ltr'>και</span> 
     </span>
     <span class='ocr_line' id='line_1_27' title="bbox 153 1709 2373 1763; baseline 0 -16"><span class='ocrx_word' id='word_1_347' title='bbox 153 1709 373 1756; x_wconf 80' lang='grc' dir='ltr'>Ὀδυσσείας</span> <span class='ocrx_word' id='word_1_348' title='bbox 399 1713 419 1751; x_wconf 85' lang='grc' dir='ltr'>ὁ</span> <span class='ocrx_word' id='word_1_349' title='bbox 441 1712 496 1751; x_wconf 86' lang='lat' dir='ltr'><strong>’A.</strong></span> <span class='ocrx_word' id='word_1_350' title='bbox 522 1717 765 1763; x_wconf 67' lang='grc' dir='ltr'>προφέρεται,</span> <span class='ocrx_word' id='word_1_351' title='bbox 797 1714 913 1752; x_wconf 90' lang='lat' dir='ltr'><strong>simm.</strong></span> <span class='ocrx_word' id='word_1_352' title='bbox 934 1713 968 1747; x_wconf 88' lang='grc' dir='ltr'><em>Ω</em></span> <span class='ocrx_word' id='word_1_353' title='bbox 991 1713 1074 1750; x_wconf 91' lang='lat'>110.</span> <span class='ocrx_word' id='word_1_354' title='bbox 1128 1710 1227 1749; x_wconf 92' lang='lat' dir='ltr'><strong>Idem</strong></span> <span class='ocrx_word' id='word_1_355' title='bbox 1255 1711 1550 1759; x_wconf 87' lang='lat' dir='ltr'><strong>subintellegitur</strong></span> <span class='ocrx_word' id='word_1_356' title='bbox 1579 1712 1663 1751; x_wconf 89' lang='lat' dir='ltr'><strong>Did.</strong></span> <span class='ocrx_word' id='word_1_357' title='bbox 1685 1718 1723 1751; x_wconf 88' lang='lat' dir='ltr'><em>A</em></span> <span class='ocrx_word' id='word_1_358' title='bbox 1743 1715 1789 1751; x_wconf 79' lang='grc'><strong>97</strong></span> <span class='ocrx_word' id='word_1_359' title='bbox 1821 1718 1855 1750; x_wconf 85' lang='grc' dir='ltr'><em>Β</em></span> <span class='ocrx_word' id='word_1_360' title='bbox 1878 1715 1963 1758; x_wconf 88' lang='grc'><strong>111,</strong></span> <span class='ocrx_word' id='word_1_361' title='bbox 1986 1712 2059 1748; x_wconf 82' lang='grc'><strong>798</strong></span> <span class='ocrx_word' id='word_1_362' title='bbox 2089 1710 2209 1748; x_wconf 87' lang='grc' dir='ltr'>Γ406</span> <span class='ocrx_word' id='word_1_363' title='bbox 2239 1714 2286 1748; x_wconf 89' lang='lat' dir='ltr'><em>M</em></span> <span class='ocrx_word' id='word_1_364' title='bbox 2297 1711 2373 1747; x_wconf 82' lang='lat'><strong>435</strong></span> 
     </span>
     <span class='ocr_line' id='line_1_28' title="bbox 155 1771 2374 1821; baseline 0 -15"><span class='ocrx_word' id='word_1_365' title='bbox 155 1773 193 1806; x_wconf 89' lang='lat' dir='ltr'><strong>et</strong></span> <span class='ocrx_word' id='word_1_366' title='bbox 226 1772 326 1819; x_wconf 88' lang='lat' dir='ltr'><strong>apud</strong></span> <span class='ocrx_word' id='word_1_367' title='bbox 358 1773 609 1810; x_wconf 87' lang='lat' dir='ltr'><strong>Aristonicum</strong></span> <span class='ocrx_word' id='word_1_368' title='bbox 642 1778 681 1810; x_wconf 97' lang='lat' dir='ltr'><em>A</em></span> <span class='ocrx_word' id='word_1_369' title='bbox 705 1775 791 1820; x_wconf 87' lang='grc'><strong>166,</strong></span> <span class='ocrx_word' id='word_1_370' title='bbox 817 1775 903 1811; x_wconf 87' lang='grc'>807.</span> <span class='ocrx_word' id='word_1_371' title='bbox 967 1773 1024 1809; x_wconf 87' lang='lat' dir='ltr'><strong>Ex</strong></span> <span class='ocrx_word' id='word_1_372' title='bbox 1058 1772 1265 1809; x_wconf 85' lang='lat' dir='ltr'><strong>Aristarchi</strong></span> <span class='ocrx_word' id='word_1_373' title='bbox 1299 1773 1561 1821; x_wconf 89' lang='lat' dir='ltr'><strong>discipulorum</strong></span> <span class='ocrx_word' id='word_1_374' title='bbox 1605 1786 1754 1811; x_wconf 89' lang='lat' dir='ltr'><strong>numero</strong></span> <span class='ocrx_word' id='word_1_375' title='bbox 1791 1774 1974 1810; x_wconf 86' lang='lat' dir='ltr'><strong>Ammonii</strong></span> <span class='ocrx_word' id='word_1_376' title='bbox 2016 1772 2129 1808; x_wconf 87' lang='lat' dir='ltr'><strong>solius</strong></span> <span class='ocrx_word' id='word_1_377' title='bbox 2162 1771 2300 1808; x_wconf 86' lang='lat' dir='ltr'><strong>mentio</strong></span> <span class='ocrx_word' id='word_1_378' title='bbox 2334 1771 2374 1807; x_wconf 89' lang='lat' dir='ltr'><strong>fit</strong></span> 
     </span>
     <span class='ocr_line' id='line_1_29' title="bbox 154 1831 1607 1883; baseline 0.002 -14"><span class='ocrx_word' id='word_1_379' title='bbox 154 1831 276 1869; x_wconf 76' lang='lat' dir='ltr'>T368</span> <span class='ocrx_word' id='word_1_380' title='bbox 303 1832 515 1881; x_wconf 68' lang='grc' dir='ltr'>’Λμμώνιος</span> <span class='ocrx_word' id='word_1_381' title='bbox 540 1835 581 1872; x_wconf 76' lang='grc' dir='ltr'><strong>ἐν</strong></span> <span class='ocrx_word' id='word_1_382' title='bbox 606 1835 660 1883; x_wconf 82' lang='grc' dir='ltr'><em>τῷ</em></span> <span class='ocrx_word' id='word_1_383' title='bbox 684 1834 778 1882; x_wconf 80' lang='grc' dir='ltr'>πρὸς</span> <span class='ocrx_word' id='word_1_384' title='bbox 806 1834 1038 1883; x_wconf 53' lang='lat' dir='ltr'><strong>&#39;Acmonia</strong></span> <span class='ocrx_word' id='word_1_385' title='bbox 1066 1832 1348 1881; x_wconf 77' lang='grc' dir='ltr'>συγγράμματι,-</span> <span class='ocrx_word' id='word_1_386' title='bbox 1378 1835 1496 1871; x_wconf 89' lang='lat' dir='ltr'><strong>simm.</strong></span> <span class='ocrx_word' id='word_1_387' title='bbox 1517 1840 1555 1873; x_wconf 88' lang='lat' dir='ltr'><em>H</em></span> <span class='ocrx_word' id='word_1_388' title='bbox 1574 1837 1607 1872; x_wconf 87' lang='lat'><strong>7.</strong></span> 
     </span>
    </p>

    <p class='ocr_par' dir='ltr' id='par_1_5' title="bbox 151 1893 2376 2742">
     <span class='ocr_line' id='line_1_30' title="bbox 340 1893 2376 1947; baseline 0 -16"><span class='ocrx_word' id='word_1_389' title='bbox 340 1893 409 1939; x_wconf 87' lang='lat' dir='ltr'><strong>Qui</strong></span> <span class='ocrx_word' id='word_1_390' title='bbox 444 1894 654 1933; x_wconf 89' lang='lat' dir='ltr'><strong>libellorum</strong></span> <span class='ocrx_word' id='word_1_391' title='bbox 687 1895 887 1945; x_wconf 89' lang='lat' dir='ltr'><strong>scriptores</strong></span> <span class='ocrx_word' id='word_1_392' title='bbox 920 1894 1136 1945; x_wconf 91' lang='lat' dir='ltr'><strong>plerumque</strong></span> <span class='ocrx_word' id='word_1_393' title='bbox 1174 1897 1303 1933; x_wconf 82' lang='lat' dir='ltr'><strong>contra</strong></span> <span class='ocrx_word' id='word_1_394' title='bbox 1336 1895 1587 1934; x_wconf 84' lang='lat' dir='ltr'><strong>adversarium</strong></span> <span class='ocrx_word' id='word_1_395' title='bbox 1622 1897 1782 1947; x_wconf 82' lang='lat' dir='ltr'><strong>aliquem</strong></span> <span class='ocrx_word' id='word_1_396' title='bbox 1808 1901 1961 1936; x_wconf 46' lang='lat' dir='ltr'><strong>*certare</strong></span> <span class='ocrx_word' id='word_1_397' title='bbox 1998 1895 2047 1934; x_wconf 91' lang='lat' dir='ltr'><strong>ibi</strong></span> <span class='ocrx_word' id='word_1_398' title='bbox 2076 1895 2174 1933; x_wconf 86' lang='lat' dir='ltr'><strong>soliti</strong></span> <span class='ocrx_word' id='word_1_399' title='bbox 2204 1898 2307 1941; x_wconf 78' lang='lat' dir='ltr'><strong>sunt,</strong></span> <span class='ocrx_word' id='word_1_400' title='bbox 2335 1898 2376 1932; x_wconf 89' lang='lat' dir='ltr'><strong>ut</strong></span> 
     </span>
     <span class='ocr_line' id='line_1_31' title="bbox 154 1954 2374 2007; baseline 0.001 -18"><span class='ocrx_word' id='word_1_401' title='bbox 154 1954 203 1989; x_wconf 77' lang='grc' dir='ltr'>τὰ</span> <span class='ocrx_word' id='word_1_402' title='bbox 229 1955 502 2002; x_wconf 82' lang='grc' dir='ltr'>συγγράμματα</span> <span class='ocrx_word' id='word_1_403' title='bbox 529 1958 703 2004; x_wconf 87' lang='lat' dir='ltr'><strong>ipsissimi</strong></span> <span class='ocrx_word' id='word_1_404' title='bbox 732 1957 849 1993; x_wconf 87' lang='lat' dir='ltr'><strong>libelli</strong></span> <span class='ocrx_word' id='word_1_405' title='bbox 877 1958 915 1992; x_wconf 93' lang='lat' dir='ltr'><strong>in</strong></span> <span class='ocrx_word' id='word_1_406' title='bbox 943 1957 1175 1992; x_wconf 73' lang='lat' dir='ltr'><strong>adversarios</strong></span> <span class='ocrx_word' id='word_1_407' title='bbox 1204 1957 1307 1992; x_wconf 75' lang='lat' dir='ltr'><strong>missi</strong></span> <span class='ocrx_word' id='word_1_408' title='bbox 1335 1958 1541 1993; x_wconf 81' lang='lat' dir='ltr'><strong>videantur.</strong></span> <span class='ocrx_word' id='word_1_409' title='bbox 1597 1958 1687 1995; x_wconf 87' lang='lat' dir='ltr'><strong>Nam</strong></span> <span class='ocrx_word' id='word_1_410' title='bbox 1716 1960 1942 2007; x_wconf 80' lang='lat' dir='ltr'><strong>scripserunt</strong></span> <span class='ocrx_word' id='word_1_411' title='bbox 1970 1957 2190 2005; x_wconf 87' lang='lat' dir='ltr'><strong>Apollonius</strong></span> <span class='ocrx_word' id='word_1_412' title='bbox 2212 1956 2374 1992; x_wconf 86' lang='lat' dir='ltr'><strong>Rhodius</strong></span> 
     </span>
     <span class='ocr_line' id='line_1_32' title="bbox 155 2014 2374 2069; baseline 0.002 -18"><span class='ocrx_word' id='word_1_413' title='bbox 155 2020 285 2053; x_wconf 75' lang='lat' dir='ltr'><strong>contra</strong></span> <span class='ocrx_word' id='word_1_414' title='bbox 319 2014 544 2055; x_wconf 89' lang='lat' dir='ltr'><strong>Zenodotum</strong></span> <span class='ocrx_word' id='word_1_415' title='bbox 580 2021 614 2054; x_wconf 88' lang='lat' dir='ltr'><strong><em>N</em></strong></span> <span class='ocrx_word' id='word_1_416' title='bbox 638 2018 733 2064; x_wconf 81' lang='lat'><strong>657,</strong></span> <span class='ocrx_word' id='word_1_417' title='bbox 778 2017 1014 2056; x_wconf 86' lang='lat' dir='ltr'><strong>Aristarchus</strong></span> <span class='ocrx_word' id='word_1_418' title='bbox 1054 2020 1183 2055; x_wconf 87' lang='lat' dir='ltr'><strong>contra</strong></span> <span class='ocrx_word' id='word_1_419' title='bbox 1220 2016 1409 2056; x_wconf 75' lang='lat' dir='ltr'><strong>Xenonem</strong></span> <span class='ocrx_word' id='word_1_420' title='bbox 1453 2022 1496 2056; x_wconf 79' lang='lat' dir='ltr'><em>M</em></span> <span class='ocrx_word' id='word_1_421' title='bbox 1522 2021 1614 2067; x_wconf 73' lang='lat'><strong>435,</strong></span> <span class='ocrx_word' id='word_1_422' title='bbox 1659 2021 1864 2069; x_wconf 75' lang='lat' dir='ltr'><strong>complures</strong></span> <span class='ocrx_word' id='word_1_423' title='bbox 1906 2019 2012 2057; x_wconf 84' lang='lat' dir='ltr'><strong>simul</strong></span> <span class='ocrx_word' id='word_1_424' title='bbox 2055 2018 2199 2056; x_wconf 84' lang='lat' dir='ltr'><strong>libellos</strong></span> <span class='ocrx_word' id='word_1_425' title='bbox 2245 2021 2374 2056; x_wconf 85' lang='lat' dir='ltr'><strong>contra</strong></span> 
     </span>
     <span class='ocr_line' id='line_1_33' title="bbox 154 2075 2372 2128; baseline 0.002 -16"><span class='ocrx_word' id='word_1_426' title='bbox 154 2075 335 2113; x_wconf 90' lang='lat' dir='ltr'><strong>Philotam</strong></span> <span class='ocrx_word' id='word_1_427' title='bbox 364 2082 403 2114; x_wconf 89' lang='lat' dir='ltr'><em>A</em></span> <span class='ocrx_word' id='word_1_428' title='bbox 424 2079 500 2115; x_wconf 82' lang='lat'><strong>524</strong></span> <span class='ocrx_word' id='word_1_429' title='bbox 527 2082 563 2114; x_wconf 87' lang='lat' dir='ltr'><em>B</em></span> <span class='ocrx_word' id='word_1_430' title='bbox 584 2081 654 2116; x_wconf 90' lang='lat'><strong>111</strong></span> <span class='ocrx_word' id='word_1_431' title='bbox 685 2083 721 2117; x_wconf 89' lang='lat' dir='ltr'><strong>et</strong></span> <span class='ocrx_word' id='word_1_432' title='bbox 749 2082 877 2117; x_wconf 87' lang='lat' dir='ltr'><strong>contra</strong></span> <span class='ocrx_word' id='word_1_433' title='bbox 904 2079 1104 2116; x_wconf 89' lang='lat' dir='ltr'><strong>Comanum</strong></span> <span class='ocrx_word' id='word_1_434' title='bbox 1132 2083 1171 2115; x_wconf 87' lang='lat' dir='ltr'><em>A</em></span> <span class='ocrx_word' id='word_1_435' title='bbox 1191 2079 1236 2115; x_wconf 87' lang='lat'><strong>97</strong></span> <span class='ocrx_word' id='word_1_436' title='bbox 1266 2079 1379 2121; x_wconf 70' lang='grc' dir='ltr'>λέξεις</span> <span class='ocrx_word' id='word_1_437' title='bbox 1397 2081 1435 2115; x_wconf 74' lang='grc' dir='ltr'><strong>ἐκ</strong></span> <span class='ocrx_word' id='word_1_438' title='bbox 1459 2082 1531 2117; x_wconf 77' lang='grc' dir='ltr'><strong>τῶν</strong></span> <span class='ocrx_word' id='word_1_439' title='bbox 1549 2080 1643 2127; x_wconf 80' lang='grc' dir='ltr'>πρὸς</span> <span class='ocrx_word' id='word_1_440' title='bbox 1670 2081 1880 2128; x_wconf 61' lang='grc' dir='ltr'>Κωμανόν,</span> <span class='ocrx_word' id='word_1_441' title='bbox 1907 2082 2024 2118; x_wconf 88' lang='lat' dir='ltr'><strong>simm.</strong></span> <span class='ocrx_word' id='word_1_442' title='bbox 2054 2083 2088 2115; x_wconf 92' lang='lat' dir='ltr'><em>B</em></span> <span class='ocrx_word' id='word_1_443' title='bbox 2109 2080 2196 2125; x_wconf 84' lang='grc'>798,</span> <span class='ocrx_word' id='word_1_444' title='bbox 2224 2082 2257 2114; x_wconf 85' lang='grc' dir='ltr'><em>Ω</em></span> <span class='ocrx_word' id='word_1_445' title='bbox 2279 2081 2372 2121; x_wconf 83' lang='grc'>110;</span> 
     </span>
     <span class='ocr_line' id='line_1_34' title="bbox 155 2137 2371 2189; baseline 0.001 -16"><span class='ocrx_word' id='word_1_446' title='bbox 155 2137 371 2175; x_wconf 85' lang='lat' dir='ltr'><strong>Ammonius</strong></span> <span class='ocrx_word' id='word_1_447' title='bbox 405 2141 533 2176; x_wconf 82' lang='lat' dir='ltr'><strong>contra</strong></span> <span class='ocrx_word' id='word_1_448' title='bbox 564 2140 805 2177; x_wconf 85' lang='lat' dir='ltr'><strong>Athenoclem</strong></span> <span class='ocrx_word' id='word_1_449' title='bbox 833 2143 866 2175; x_wconf 91' lang='grc' dir='ltr'><strong><em>Γ</em></strong></span> <span class='ocrx_word' id='word_1_450' title='bbox 880 2140 955 2177; x_wconf 81' lang='grc'><strong>368</strong></span> <span class='ocrx_word' id='word_1_451' title='bbox 984 2142 1021 2176; x_wconf 90' lang='lat' dir='ltr'><strong>et</strong></span> <span class='ocrx_word' id='word_1_452' title='bbox 1048 2141 1087 2173; x_wconf 94' lang='lat' dir='ltr'><em>H</em></span> <span class='ocrx_word' id='word_1_453' title='bbox 1104 2140 1137 2175; x_wconf 87' lang='lat'><strong>7.</strong></span> <span class='ocrx_word' id='word_1_454' title='bbox 1192 2138 1308 2176; x_wconf 84' lang='lat' dir='ltr'><strong>Erant</strong></span> <span class='ocrx_word' id='word_1_455' title='bbox 1336 2141 1460 2185; x_wconf 85' lang='lat' dir='ltr'><strong>etiam,</strong></span> <span class='ocrx_word' id='word_1_456' title='bbox 1491 2142 1552 2189; x_wconf 91' lang='lat' dir='ltr'><strong>qui</strong></span> <span class='ocrx_word' id='word_1_457' title='bbox 1581 2145 1710 2178; x_wconf 82' lang='lat' dir='ltr'><strong>contra</strong></span> <span class='ocrx_word' id='word_1_458' title='bbox 1737 2142 1968 2178; x_wconf 78' lang='lat' dir='ltr'><strong>adversarios</strong></span> <span class='ocrx_word' id='word_1_459' title='bbox 1996 2153 2069 2177; x_wconf 91' lang='lat' dir='ltr'><strong>non</strong></span> <span class='ocrx_word' id='word_1_460' title='bbox 2098 2141 2371 2177; x_wconf 81' lang='lat' dir='ltr'><strong>emitterentur:</strong></span> 
     </span>
     <span class='ocr_line' id='line_1_35' title="bbox 151 2197 2371 2251; baseline 0.001 -14"><span class='ocrx_word' id='word_1_461' title='bbox 151 2202 173 2237; x_wconf 95' lang='grc' dir='ltr'><strong><em>Ι</em></strong></span> <span class='ocrx_word' id='word_1_462' title='bbox 189 2198 263 2236; x_wconf 88' lang='grc'><strong>349</strong></span> <span class='ocrx_word' id='word_1_463' title='bbox 289 2198 330 2235; x_wconf 80' lang='grc' dir='ltr'><strong>ἐν</strong></span> <span class='ocrx_word' id='word_1_464' title='bbox 354 2199 407 2251; x_wconf 78' lang='grc' dir='ltr'>τῷ</span> <span class='ocrx_word' id='word_1_465' title='bbox 430 2205 515 2248; x_wconf 77' lang='grc' dir='ltr'>περὶ</span> <span class='ocrx_word' id='word_1_466' title='bbox 541 2199 703 2246; x_wconf 75' lang='grc' dir='ltr'>Ἰλιάδος</span> <span class='ocrx_word' id='word_1_467' title='bbox 727 2205 790 2239; x_wconf 77' lang='grc' dir='ltr'><strong>καὶ</strong></span> <span class='ocrx_word' id='word_1_468' title='bbox 815 2197 1095 2249; x_wconf 43' lang='grc' dir='ltr'>Ὀδυσσείαςβ)</span> <span class='ocrx_word' id='word_1_469' title='bbox 1133 2207 1171 2239; x_wconf 95' lang='lat' dir='ltr'><em>A</em></span> <span class='ocrx_word' id='word_1_470' title='bbox 1195 2200 1266 2238; x_wconf 89' lang='grc'><strong>166</strong></span> <span class='ocrx_word' id='word_1_471' title='bbox 1293 2201 1336 2239; x_wconf 78' lang='grc' dir='ltr'>τὸ</span> <span class='ocrx_word' id='word_1_472' title='bbox 1355 2207 1437 2250; x_wconf 77' lang='grc' dir='ltr'>περὶ</span> <span class='ocrx_word' id='word_1_473' title='bbox 1463 2199 1529 2239; x_wconf 72' lang='grc' dir='ltr'>τοῦ</span> <span class='ocrx_word' id='word_1_474' title='bbox 1553 2200 1806 2251; x_wconf 69' lang='grc' dir='ltr'>ναυστάθμου</span> <span class='ocrx_word' id='word_1_475' title='bbox 1833 2200 2067 2250; x_wconf 85' lang='grc' dir='ltr'>διάγραμμα,</span> <span class='ocrx_word' id='word_1_476' title='bbox 2096 2201 2194 2241; x_wconf 85' lang='lat' dir='ltr'><strong>idem</strong></span> <span class='ocrx_word' id='word_1_477' title='bbox 2222 2207 2260 2239; x_wconf 90' lang='lat' dir='ltr'><em>A</em></span> <span class='ocrx_word' id='word_1_478' title='bbox 2281 2202 2371 2246; x_wconf 79' lang='lat'>807;</span> 
     </span>
     <span class='ocr_line' id='line_1_36' title="bbox 161 2261 2372 2309; baseline 0.001 -12"><span class='ocrx_word' id='word_1_479' title='bbox 161 2265 194 2297; x_wconf 94' lang='lat' dir='ltr'><em>Z</em></span> <span class='ocrx_word' id='word_1_480' title='bbox 215 2262 261 2297; x_wconf 81' lang='lat'><strong>71</strong></span> <span class='ocrx_word' id='word_1_481' title='bbox 290 2261 561 2309; x_wconf 70' lang='grc' dir='ltr'>’Λθηνοκλίους</span> <span class='ocrx_word' id='word_1_482' title='bbox 593 2262 634 2298; x_wconf 81' lang='grc' dir='ltr'><strong>δὲ</strong></span> <span class='ocrx_word' id='word_1_483' title='bbox 659 2262 699 2297; x_wconf 80' lang='grc' dir='ltr'><strong>ἓν</strong></span> <span class='ocrx_word' id='word_1_484' title='bbox 724 2263 775 2309; x_wconf 81' lang='grc' dir='ltr'>τῷ</span> <span class='ocrx_word' id='word_1_485' title='bbox 801 2267 885 2308; x_wconf 81' lang='grc' dir='ltr'>περὶ</span> <span class='ocrx_word' id='word_1_486' title='bbox 910 2261 1073 2308; x_wconf 81' lang='grc' dir='ltr'>Ὁμήρου</span> <span class='ocrx_word' id='word_1_487' title='bbox 1104 2262 1453 2309; x_wconf 69' lang='grc' dir='ltr'>παρατηρῆσαντος.</span> <span class='ocrx_word' id='word_1_488' title='bbox 1510 2262 1611 2298; x_wconf 79' lang='lat' dir='ltr'><strong>Haec</strong></span> <span class='ocrx_word' id='word_1_489' title='bbox 1638 2275 1724 2299; x_wconf 77' lang='lat' dir='ltr'><strong>vero</strong></span> <span class='ocrx_word' id='word_1_490' title='bbox 1753 2263 1961 2299; x_wconf 87' lang='lat' dir='ltr'><strong>libellorum</strong></span> <span class='ocrx_word' id='word_1_491' title='bbox 1990 2265 2139 2300; x_wconf 85' lang='lat' dir='ltr'><strong>nomina</strong></span> <span class='ocrx_word' id='word_1_492' title='bbox 2171 2266 2202 2299; x_wconf 83' lang='lat' dir='ltr'><strong>si</strong></span> <span class='ocrx_word' id='word_1_493' title='bbox 2232 2268 2372 2300; x_wconf 86' lang='lat' dir='ltr'><strong>attente</strong></span> 
     </span>
     <span class='ocr_line' id='line_1_37' title="bbox 155 2321 2372 2373; baseline 0.001 -13"><span class='ocrx_word' id='word_1_494' title='bbox 155 2321 377 2371; x_wconf 79' lang='lat' dir='ltr'><strong>perlegeris,</strong></span> <span class='ocrx_word' id='word_1_495' title='bbox 415 2321 643 2372; x_wconf 84' lang='lat' dir='ltr'><strong>aliquantum</strong></span> <span class='ocrx_word' id='word_1_496' title='bbox 676 2322 743 2360; x_wconf 88' lang='lat' dir='ltr'><strong>tibi</strong></span> <span class='ocrx_word' id='word_1_497' title='bbox 776 2322 955 2360; x_wconf 86' lang='lat' dir='ltr'><strong>interesse</strong></span> <span class='ocrx_word' id='word_1_498' title='bbox 990 2334 1132 2372; x_wconf 91' lang='lat' dir='ltr'><strong>quoque</strong></span> <span class='ocrx_word' id='word_1_499' title='bbox 1167 2322 1352 2360; x_wconf 81' lang='lat' dir='ltr'><strong>videbitur</strong></span> <span class='ocrx_word' id='word_1_500' title='bbox 1384 2323 1480 2361; x_wconf 81' lang='lat' dir='ltr'><strong>inter</strong></span> <span class='ocrx_word' id='word_1_501' title='bbox 1514 2336 1592 2369; x_wconf 73' lang='lat' dir='ltr'><strong>res,</strong></span> <span class='ocrx_word' id='word_1_502' title='bbox 1640 2336 1732 2373; x_wconf 86' lang='lat' dir='ltr'><strong>quae</strong></span> <span class='ocrx_word' id='word_1_503' title='bbox 1771 2324 1925 2373; x_wconf 86' lang='lat' dir='ltr'><strong>singulis</strong></span> <span class='ocrx_word' id='word_1_504' title='bbox 1967 2325 2071 2362; x_wconf 87' lang='lat' dir='ltr'><strong>libris</strong></span> <span class='ocrx_word' id='word_1_505' title='bbox 2106 2326 2372 2363; x_wconf 83' lang='lat' dir='ltr'><strong>detractantur.</strong></span> 
     </span>
     <span class='ocr_line' id='line_1_38' title="bbox 155 2384 2372 2435; baseline 0.002 -16"><span class='ocrx_word' id='word_1_506' title='bbox 155 2384 376 2420; x_wconf 87' lang='lat' dir='ltr'><strong>Accedimus</strong></span> <span class='ocrx_word' id='word_1_507' title='bbox 418 2385 491 2421; x_wconf 88' lang='lat' dir='ltr'><strong>iam</strong></span> <span class='ocrx_word' id='word_1_508' title='bbox 526 2386 684 2433; x_wconf 88' lang='lat' dir='ltr'><strong>primum</strong></span> <span class='ocrx_word' id='word_1_509' title='bbox 724 2385 771 2421; x_wconf 88' lang='lat' dir='ltr'><strong>ad</strong></span> <span class='ocrx_word' id='word_1_510' title='bbox 805 2385 890 2421; x_wconf 91' lang='lat' dir='ltr'><strong>illos</strong></span> <span class='ocrx_word' id='word_1_511' title='bbox 923 2385 1085 2430; x_wconf 85' lang='lat' dir='ltr'><strong>libellos,</strong></span> <span class='ocrx_word' id='word_1_512' title='bbox 1128 2396 1281 2434; x_wconf 85' lang='lat' dir='ltr'><strong>quorum</strong></span> <span class='ocrx_word' id='word_1_513' title='bbox 1323 2386 1463 2422; x_wconf 87' lang='lat' dir='ltr'><strong>indices</strong></span> <span class='ocrx_word' id='word_1_514' title='bbox 1505 2398 1522 2422; x_wconf 90' lang='lat' dir='ltr'><strong>e</strong></span> <span class='ocrx_word' id='word_1_515' title='bbox 1558 2386 1705 2422; x_wconf 75' lang='lat' dir='ltr'><strong>scholiis</strong></span> <span class='ocrx_word' id='word_1_516' title='bbox 1746 2387 2001 2435; x_wconf 75' lang='lat' dir='ltr'><strong>comperimus.</strong></span> <span class='ocrx_word' id='word_1_517' title='bbox 2069 2386 2121 2424; x_wconf 87' lang='lat' dir='ltr'><strong>De</strong></span> <span class='ocrx_word' id='word_1_518' title='bbox 2156 2391 2372 2434; x_wconf 85' lang='lat' dir='ltr'><strong>argumento</strong></span> 
     </span>
     <span class='ocr_line' id='line_1_39' title="bbox 155 2444 2373 2495; baseline 0.001 -14"><span class='ocrx_word' id='word_1_519' title='bbox 155 2444 361 2482; x_wconf 88' lang='lat' dir='ltr'><strong>Aristarchi</strong></span> <span class='ocrx_word' id='word_1_520' title='bbox 395 2445 512 2482; x_wconf 89' lang='lat' dir='ltr'><strong>libelli</strong></span> <span class='ocrx_word' id='word_1_521' title='bbox 548 2446 665 2491; x_wconf 89' lang='lat' dir='ltr'><strong>illius,</strong></span> <span class='ocrx_word' id='word_1_522' title='bbox 707 2446 769 2494; x_wconf 91' lang='lat' dir='ltr'><strong>qui</strong></span> <span class='ocrx_word' id='word_1_523' title='bbox 801 2446 847 2483; x_wconf 89' lang='lat' dir='ltr'><strong>ab</strong></span> <span class='ocrx_word' id='word_1_524' title='bbox 876 2446 1084 2483; x_wconf 88' lang='lat' dir='ltr'><strong>Aristonico</strong></span> <span class='ocrx_word' id='word_1_525' title='bbox 1118 2453 1155 2482; x_wconf 87' lang='lat' dir='ltr'><em>A</em></span> <span class='ocrx_word' id='word_1_526' title='bbox 1180 2447 1250 2483; x_wconf 87' lang='grc'><strong>166</strong></span> <span class='ocrx_word' id='word_1_527' title='bbox 1286 2450 1323 2483; x_wconf 88' lang='lat' dir='ltr'><strong>et</strong></span> <span class='ocrx_word' id='word_1_528' title='bbox 1351 2447 1421 2482; x_wconf 81' lang='lat'><strong>807</strong></span> <span class='ocrx_word' id='word_1_529' title='bbox 1458 2445 1626 2483; x_wconf 82' lang='lat' dir='ltr'><strong>affertur:</strong></span> <span class='ocrx_word' id='word_1_530' title='bbox 1663 2447 1718 2484; x_wconf 65' lang='grc' dir='ltr'><strong>Ἀ.</strong></span> <span class='ocrx_word' id='word_1_531' title='bbox 1745 2446 1967 2494; x_wconf 84' lang='grc' dir='ltr'>διάγραμμα</span> <span class='ocrx_word' id='word_1_532' title='bbox 2001 2455 2084 2495; x_wconf 73' lang='grc' dir='ltr'>περὶ</span> <span class='ocrx_word' id='word_1_533' title='bbox 2119 2448 2373 2495; x_wconf 62' lang='grc' dir='ltr'>ναυστάθμου</span> 
     </span>
     <span class='ocr_line' id='line_1_40' title="bbox 154 2506 2371 2558; baseline 0.001 -15"><span class='ocrx_word' id='word_1_534' title='bbox 154 2506 213 2543; x_wconf 88' lang='lat' dir='ltr'><strong>vel</strong></span> <span class='ocrx_word' id='word_1_535' title='bbox 240 2508 511 2554; x_wconf 73' lang='grc' dir='ltr'>στρατοπέδου,</span> <span class='ocrx_word' id='word_1_536' title='bbox 536 2506 633 2544; x_wconf 89' lang='lat' dir='ltr'><strong>haud</strong></span> <span class='ocrx_word' id='word_1_537' title='bbox 660 2507 749 2553; x_wconf 74' lang='lat' dir='ltr'><strong>scio,</strong></span> <span class='ocrx_word' id='word_1_538' title='bbox 778 2518 825 2544; x_wconf 89' lang='lat' dir='ltr'><strong>an</strong></span> <span class='ocrx_word' id='word_1_539' title='bbox 851 2508 942 2544; x_wconf 87' lang='lat' dir='ltr'><strong>certi</strong></span> <span class='ocrx_word' id='word_1_540' title='bbox 971 2507 1170 2558; x_wconf 88' lang='lat' dir='ltr'><strong>quidquam</strong></span> <span class='ocrx_word' id='word_1_541' title='bbox 1200 2511 1355 2553; x_wconf 83' lang='lat' dir='ltr'><strong>constet,</strong></span> <span class='ocrx_word' id='word_1_542' title='bbox 1385 2508 1454 2544; x_wconf 78' lang='lat' dir='ltr'><strong>nisi</strong></span> <span class='ocrx_word' id='word_1_543' title='bbox 1488 2508 1583 2557; x_wconf 88' lang='lat' dir='ltr'><strong>quod</strong></span> <span class='ocrx_word' id='word_1_544' title='bbox 1614 2521 1660 2546; x_wconf 80' lang='lat' dir='ltr'><strong>ex</strong></span> <span class='ocrx_word' id='word_1_545' title='bbox 1689 2508 1768 2557; x_wconf 80' lang='lat' dir='ltr'><strong>ipso</strong></span> <span class='ocrx_word' id='word_1_546' title='bbox 1796 2508 1941 2545; x_wconf 89' lang='lat' dir='ltr'><strong>nomine</strong></span> <span class='ocrx_word' id='word_1_547' title='bbox 1972 2509 2146 2557; x_wconf 82' lang='lat' dir='ltr'><strong>colligere</strong></span> <span class='ocrx_word' id='word_1_548' title='bbox 2166 2520 2371 2558; x_wconf 73' lang='lat' dir='ltr'><strong>possumus.</strong></span> 
     </span>
     <span class='ocr_line' id='line_1_41' title="bbox 157 2568 2372 2619; baseline 0 -14"><span class='ocrx_word' id='word_1_549' title='bbox 157 2568 214 2605; x_wconf 90' lang='lat' dir='ltr'><strong>Illi</strong></span> <span class='ocrx_word' id='word_1_550' title='bbox 234 2572 357 2606; x_wconf 85' lang='lat' dir='ltr'><strong>autem</strong></span> <span class='ocrx_word' id='word_1_551' title='bbox 376 2568 582 2606; x_wconf 84' lang='lat' dir='ltr'><strong>Aristarchi</strong></span> <span class='ocrx_word' id='word_1_552' title='bbox 610 2571 648 2606; x_wconf 91' lang='lat' dir='ltr'><strong>et</strong></span> <span class='ocrx_word' id='word_1_553' title='bbox 671 2568 884 2606; x_wconf 87' lang='lat' dir='ltr'><strong>Athenoclis</strong></span> <span class='ocrx_word' id='word_1_554' title='bbox 910 2570 1039 2614; x_wconf 85' lang='lat' dir='ltr'><strong>libelli,</strong></span> <span class='ocrx_word' id='word_1_555' title='bbox 1074 2571 1134 2618; x_wconf 94' lang='lat' dir='ltr'><strong>qui</strong></span> <span class='ocrx_word' id='word_1_556' title='bbox 1158 2575 1241 2615; x_wconf 79' lang='grc' dir='ltr'>περὶ</span> <span class='ocrx_word' id='word_1_557' title='bbox 1260 2568 1421 2612; x_wconf 75' lang='grc' dir='ltr'>Ἰλιάδος</span> <span class='ocrx_word' id='word_1_558' title='bbox 1440 2583 1502 2604; x_wconf 83' lang='grc' dir='ltr'><strong>και</strong></span> <span class='ocrx_word' id='word_1_559' title='bbox 1522 2568 1741 2611; x_wconf 55' lang='grc' dir='ltr'>Ὀδυσσείας</span> <span class='ocrx_word' id='word_1_560' title='bbox 1764 2573 1800 2606; x_wconf 90' lang='lat' dir='ltr'><strong>et</strong></span> <span class='ocrx_word' id='word_1_561' title='bbox 1826 2584 1910 2615; x_wconf 77' lang='grc' dir='ltr'>περι</span> <span class='ocrx_word' id='word_1_562' title='bbox 1930 2570 2091 2619; x_wconf 75' lang='grc' dir='ltr'>Ὁμήρου</span> <span class='ocrx_word' id='word_1_563' title='bbox 2111 2571 2372 2615; x_wconf 81' lang='lat' dir='ltr'><strong>inscribuntur,</strong></span> 
     </span>
     <span class='ocr_line' id='line_1_42' title="bbox 155 2630 2371 2680; baseline 0 -13"><span class='ocrx_word' id='word_1_564' title='bbox 155 2630 257 2668; x_wconf 91' lang='lat' dir='ltr'><strong>cuius</strong></span> <span class='ocrx_word' id='word_1_565' title='bbox 284 2631 494 2679; x_wconf 87' lang='lat' dir='ltr'><strong>argumenti</strong></span> <span class='ocrx_word' id='word_1_566' title='bbox 521 2630 670 2677; x_wconf 84' lang='lat' dir='ltr'><strong>fuerint,</strong></span> <span class='ocrx_word' id='word_1_567' title='bbox 699 2642 773 2668; x_wconf 92' lang='lat' dir='ltr'><strong>non</strong></span> <span class='ocrx_word' id='word_1_568' title='bbox 791 2631 881 2669; x_wconf 88' lang='lat' dir='ltr'><strong>satis</strong></span> <span class='ocrx_word' id='word_1_569' title='bbox 899 2631 986 2668; x_wconf 89' lang='lat' dir='ltr'><strong>mihi</strong></span> <span class='ocrx_word' id='word_1_570' title='bbox 1007 2636 1177 2669; x_wconf 86' lang='lat' dir='ltr'><strong>constare</strong></span> <span class='ocrx_word' id='word_1_571' title='bbox 1196 2631 1353 2669; x_wconf 81' lang='lat' dir='ltr'><strong>videtur.</strong></span> <span class='ocrx_word' id='word_1_572' title='bbox 1407 2630 1533 2680; x_wconf 84' lang='lat' dir='ltr'><strong>Neque</strong></span> <span class='ocrx_word' id='word_1_573' title='bbox 1554 2631 1650 2669; x_wconf 90' lang='lat' dir='ltr'><strong>enim</strong></span> <span class='ocrx_word' id='word_1_574' title='bbox 1671 2630 1856 2677; x_wconf 81' lang='lat' dir='ltr'><strong>differunt,</strong></span> <span class='ocrx_word' id='word_1_575' title='bbox 1886 2644 1979 2680; x_wconf 83' lang='lat' dir='ltr'><strong>quae</strong></span> <span class='ocrx_word' id='word_1_576' title='bbox 2000 2633 2085 2670; x_wconf 86' lang='lat' dir='ltr'><strong>inde</strong></span> <span class='ocrx_word' id='word_1_577' title='bbox 2107 2633 2371 2680; x_wconf 66' lang='lat' dir='ltr'><strong>cognoscimus,</strong></span> 
     </span>
     <span class='ocr_line' id='line_1_43' title="bbox 156 2692 2371 2742; baseline 0.001 -14"><span class='ocrx_word' id='word_1_578' title='bbox 156 2692 202 2728; x_wconf 86' lang='lat' dir='ltr'><strong>ab</strong></span> <span class='ocrx_word' id='word_1_579' title='bbox 230 2693 295 2738; x_wconf 88' lang='lat' dir='ltr'><strong>iis,</strong></span> <span class='ocrx_word' id='word_1_580' title='bbox 325 2704 418 2740; x_wconf 90' lang='lat' dir='ltr'><strong>quae</strong></span> <span class='ocrx_word' id='word_1_581' title='bbox 446 2692 519 2728; x_wconf 92' lang='lat' dir='ltr'><strong>illis</strong></span> <span class='ocrx_word' id='word_1_582' title='bbox 548 2693 803 2729; x_wconf 89' lang='lat' dir='ltr'><strong>detractantur</strong></span> <span class='ocrx_word' id='word_1_583' title='bbox 831 2693 1121 2738; x_wconf 82' lang='lat' dir='ltr'><strong>commentariis,</strong></span> <span class='ocrx_word' id='word_1_584' title='bbox 1152 2694 1213 2741; x_wconf 90' lang='lat' dir='ltr'><strong>qui</strong></span> <span class='ocrx_word' id='word_1_585' title='bbox 1242 2697 1341 2729; x_wconf 87' lang='lat' dir='ltr'><strong>certo</strong></span> <span class='ocrx_word' id='word_1_586' title='bbox 1370 2693 1474 2729; x_wconf 87' lang='lat' dir='ltr'><strong>huius</strong></span> <span class='ocrx_word' id='word_1_587' title='bbox 1503 2693 1648 2740; x_wconf 82' lang='lat' dir='ltr'><strong>generis</strong></span> <span class='ocrx_word' id='word_1_588' title='bbox 1676 2693 1798 2730; x_wconf 87' lang='lat' dir='ltr'><strong>indice</strong></span> <span class='ocrx_word' id='word_1_589' title='bbox 1828 2698 1967 2730; x_wconf 86' lang='lat' dir='ltr'><strong>carent.</strong></span> <span class='ocrx_word' id='word_1_590' title='bbox 2024 2695 2158 2742; x_wconf 90' lang='lat' dir='ltr'><strong>Agitur</strong></span> <span class='ocrx_word' id='word_1_591' title='bbox 2187 2698 2206 2729; x_wconf 89' lang='lat'><em>1</em></span> <span class='ocrx_word' id='word_1_592' title='bbox 2224 2695 2297 2730; x_wconf 81' lang='lat'><strong>349</strong></span> <span class='ocrx_word' id='word_1_593' title='bbox 2327 2695 2371 2730; x_wconf 89' lang='lat' dir='ltr'><strong>de</strong></span> 
     </span>
    </p>
   </div>
   <div class='ocr_carea' id='block_1_4' title="bbox 156 2814 2371 2912">
    <p class='ocr_par' dir='ltr' id='par_1_6' title="bbox 156 2814 2371 2912">
     <span class='ocr_line' id='line_1_44' title="bbox 344 2814 2371 2858; baseline 0.002 -12"><span class='ocrx_word' id='word_1_594' title='bbox 344 2814 367 2855; x_wconf 86' lang='lat'><strong>¹)</strong></span> <span class='ocrx_word' id='word_1_595' title='bbox 390 2814 534 2846; x_wconf 82' lang='lat' dir='ltr'><strong>Dubitari</strong></span> <span class='ocrx_word' id='word_1_596' title='bbox 555 2815 678 2855; x_wconf 85' lang='lat' dir='ltr'><strong>nequit,</strong></span> <span class='ocrx_word' id='word_1_597' title='bbox 705 2815 779 2855; x_wconf 90' lang='lat' dir='ltr'><strong>quin</strong></span> <span class='ocrx_word' id='word_1_598' title='bbox 803 2815 1021 2857; x_wconf 71' lang='grc' dir='ltr'>συγγράμματι</span> <span class='ocrx_word' id='word_1_599' title='bbox 1042 2816 1099 2848; x_wconf 86' lang='lat' dir='ltr'><strong>hoc</strong></span> <span class='ocrx_word' id='word_1_600' title='bbox 1122 2816 1186 2847; x_wconf 87' lang='lat' dir='ltr'><strong>loco</strong></span> <span class='ocrx_word' id='word_1_601' title='bbox 1207 2816 1419 2857; x_wconf 87' lang='lat' dir='ltr'><strong>complendum</strong></span> <span class='ocrx_word' id='word_1_602' title='bbox 1441 2816 1497 2854; x_wconf 85' lang='lat' dir='ltr'><strong>sit,</strong></span> <span class='ocrx_word' id='word_1_603' title='bbox 1525 2816 1598 2856; x_wconf 89' lang='lat' dir='ltr'><strong>quia</strong></span> <span class='ocrx_word' id='word_1_604' title='bbox 1619 2826 1771 2858; x_wconf 87' lang='lat' dir='ltr'><strong>nusquam</strong></span> <span class='ocrx_word' id='word_1_605' title='bbox 1793 2817 1958 2849; x_wconf 84' lang='lat' dir='ltr'><strong>memoriae</strong></span> <span class='ocrx_word' id='word_1_606' title='bbox 1980 2817 2130 2850; x_wconf 84' lang='lat' dir='ltr'><strong>traditum</strong></span> <span class='ocrx_word' id='word_1_607' title='bbox 2152 2822 2200 2850; x_wconf 89' lang='lat' dir='ltr'><strong>est</strong></span> <span class='ocrx_word' id='word_1_608' title='bbox 2221 2826 2371 2851; x_wconf 83' lang='lat' dir='ltr'><strong>commen-</strong></span> 
     </span>
     <span class='ocr_line' id='line_1_45' title="bbox 156 2867 1192 2912; baseline -0.002 -9"><span class='ocrx_word' id='word_1_609' title='bbox 156 2867 253 2903; x_wconf 79' lang='lat' dir='ltr'><strong>tarios</strong></span> <span class='ocrx_word' id='word_1_610' title='bbox 275 2871 331 2901; x_wconf 85' lang='lat' dir='ltr'><strong>aut</strong></span> <span class='ocrx_word' id='word_1_611' title='bbox 351 2871 460 2900; x_wconf 80' lang='lat' dir='ltr'><strong>contra</strong></span> <span class='ocrx_word' id='word_1_612' title='bbox 481 2876 665 2909; x_wconf 83' lang='lat' dir='ltr'><strong>quemquam</strong></span> <span class='ocrx_word' id='word_1_613' title='bbox 686 2872 743 2901; x_wconf 82' lang='lat' dir='ltr'><strong>aut</strong></span> <span class='ocrx_word' id='word_1_614' title='bbox 763 2868 800 2900; x_wconf 85' lang='lat' dir='ltr'><strong>de</strong></span> <span class='ocrx_word' id='word_1_615' title='bbox 822 2869 886 2900; x_wconf 78' lang='lat' dir='ltr'><strong>ulla</strong></span> <span class='ocrx_word' id='word_1_616' title='bbox 907 2877 940 2900; x_wconf 87' lang='lat' dir='ltr'><strong>re</strong></span> <span class='ocrx_word' id='word_1_617' title='bbox 962 2868 1093 2912; x_wconf 82' lang='lat' dir='ltr'><strong>scriptos</strong></span> <span class='ocrx_word' id='word_1_618' title='bbox 1114 2877 1192 2902; x_wconf 86' lang='lat' dir='ltr'><strong>esse.</strong></span> 
     </span>
    </p>
   </div>
  </div>
 </body>
</html>
