2559 3053
1222 143 1270 181 19

131 282 213 308 esse
241 268 573 318 interpretabimur
598 268 665 305 Ar.
693 274 730 306 B
748 269 824 306 284
852 266 908 304 ὅτι
936 266 1031 314 αὕτη
1055 267 1078 316 ἦ
1104 265 1229 315 γραφή
1256 265 1277 316 ἦ
1304 267 1369 304 διά
1395 265 1462 304 τοῦ
1487 267 1557 314 γάρ
1585 267 1680 314 μετά
1708 266 1772 316 τῆς
1795 272 2047 316 προσηγορίας
2076 276 2137 306 καὶ
2158 269 2268 315 λόγον
2287 270 2356 315 ἔχει

129 330 155 369 1.
175 341 206 369 6.
236 329 324 380 quia
359 331 396 367 et
421 328 512 368 haec
546 329 789 376 constructio,
832 339 905 379 qua
941 325 1012 377 γοέρ
1045 327 1252 366 coniunctio
1299 339 1379 366 cum
1413 329 1579 366 vocativo
1616 328 1867 377 coniungitur,
1908 339 2056 366 sensum
2094 328 2205 368 habet
2237 342 2355 381 neque

129 392 261 428 insana.
301 395 365 428 aut
396 393 511 428 stulta
546 396 619 433 est;
669 391 716 427 cf.
751 390 1079 427 Friedlaenderum
1124 391 1173 426 ad
1210 390 1304 427 hunc
1342 391 1473 427 locum.
1544 391 1629 427 Alia
1669 392 1952 426 constructionis
1992 391 2130 433 forma,
2170 403 2243 438 qua
2282 392 2354 437 γάρ

130 452 337 492 coniunctio
372 452 546 500 eiciatur,
587 452 709 492 verbis
744 451 949 491 editionum
980 462 1054 490 non
1090 452 1300 502 opponitur.
1368 451 1495 503 Itaque
1530 450 1653 503 γραφή
1687 463 1759 491 vox
1793 453 1837 491 (16
1867 452 2041 501 ambigua
2077 452 2234 492 lectione
2274 465 2353 492 esse

130 527 203 551 non
231 519 366 564 potest.

253 576 416 616 Tertiam
440 578 522 616 voci
548 577 769 616 sententiam
798 575 1032 614 Herodianus
1059 575 1205 613 subicit.
1258 575 1315 613 Ex
1342 577 1433 625 ipsis
1462 576 1693 623 grammatici
1726 577 1847 614 verbis
1876 589 1956 615 eam
1991 577 2180 626 explicare
2222 578 2343 615 liceat.

130 638 269 676 Herod.
296 643 336 675 A
355 640 431 676 294
457 642 490 675 εἰ
513 637 559 688 δή
585 636 658 687 σοί]
687 637 803 679 οὕτως
821 636 1095 684 ὄρθοτονητέον
1121 634 1463 685 τῇνὲτῖντωνυμίαν.
1518 635 1685 671 διδάσκει
1712 643 1774 672 καὶ
1800 637 1822 686 ἡ
1849 636 1973 685 γραφή
2001 637 2068 672 διά
2088 639 2153 674 τοῦ
2179 636 2211 674 ἶ
2232 641 2347 675 οὐσα·

128 704 160 738 εἰ
184 699 255 751 γάρ
281 698 327 752 ἦν
351 698 547 750 ἕγκλιτική,
583 698 718 747 ὁμοίως
752 698 801 737 ἄν
827 697 1009 747 ἐγράφετο
1043 696 1097 746 τῷ
1123 700 1180 746 „ei
1205 699 1250 748 δή
1276 698 1370 735 vost.
1432 697 1502 736 Res
1532 698 1644 746 igitur
1671 702 1726 736 est
1754 698 1798 737 (16
1827 701 1887 735 σοί
1913 700 2140 748 pronominis
2182 704 2347 745 accentu,

129 762 191 812 qui
227 762 372 800 ducitur
417 774 463 799 ex
498 761 597 798 vocis
633 760 770 807 forma,
818 772 925 810 quam
963 761 1023 795 σοί
1058 771 1176 809 neque
1214 762 1271 795 τοί
1316 771 1395 796 6556
1434 760 1642 797 contendit:
1692 772 1808 809 neque
1848 759 1936 797 haec
1973 760 2101 797 scholii
2140 762 2234 798 ratio
2275 766 2342 807 est,

128 827 169 861 ut
195 837 235 861 re
261 836 351 861 vera
387 824 481 861 duae
517 823 586 860 1166
618 823 795 860 lectiones
832 823 908 860 sive
945 823 1150 870 scripturae
1188 823 1226 858 in
1255 822 1441 859 codicibus
1479 823 1675 859 memoriae
1712 823 1922 861 tradantur:
1968 824 2075 860 immo
2114 825 2176 872 qui
2213 825 2344 861 melius

129 885 355 923 tradiderint
382 884 545 931 codices,
580 885 727 922 omnino
755 895 829 921 non
857 883 1057 929 dubitatur,
1086 885 1126 920 ut
1153 882 1278 933 γραφή
1305 883 1422 920 solum
1451 895 1530 920 esse
1558 883 1676 933 possit
1704 883 1748 921 de
1776 884 1874 921 vocis
1903 884 2021 922 forma
2049 885 2349 935 orthographica.

128 948 251 995 Atque
278 950 319 983 ut
345 947 403 984 hic
429 948 484 983 ita
510 947 644 995 ubique
672 947 750 983 fere
779 948 878 994 apud
908 946 1158 982 Herodianum
1196 944 1319 994 γραφή
1359 950 1414 981 est
1447 946 1619 991 scriptura
1643 946 1915 991 orthographica,
1953 951 1990 982 ut
2019 947 2073 983 his
2103 949 2223 984 verbis
2253 953 2349 987 utar,

130 1021 203 1046 non
239 1008 348 1046 lectio
383 1008 524 1046 critica.
580 1007 683 1046 Haec
711 1008 884 1057 opposita
918 1010 974 1045 est
1001 1007 1150 1044 lectioni
1180 1007 1368 1044 codicibus
1404 1007 1592 1056 proditae,
1630 1007 1730 1043 cuius
1763 1007 1876 1044 verba
1903 1012 2089 1045 mutantur
2118 1020 2199 1045 cum
2227 1009 2349 1047 verbis

128 1071 295 1109 lectionis
323 1071 491 1116 crit-icae,
531 1070 587 1107 illi
614 1071 801 1108 contraria
829 1073 884 1108 est
917 1070 991 1107 alia
1017 1069 1116 1106 vocis
1144 1069 1263 1106 forma
1291 1068 1591 1117 orthographica,
1626 1081 1718 1117 quae
1748 1070 1894 1118 quidem
1929 1069 2017 1107 ferri
2051 1074 2193 1118 posset,
2223 1072 2253 1108 si
2284 1083 2351 1120 per

128 1144 256 1170 versus
284 1144 432 1169 sensum
460 1134 497 1169 et
522 1143 693 1169 numeros
722 1132 870 1178 liceret,
905 1134 943 1168 at
969 1142 1146 1179 nusquam
1176 1131 1305 1168 fertur.
1359 1129 1461 1167 Idem
1495 1130 1565 1167 sibi
1599 1130 1693 1167 velle
1721 1131 1868 1167 videtur
1903 1130 2039 1168 Herod.
2069 1136 2106 1168 A
2127 1133 2201 1169 396
2234 1132 2254 1182 ἡ
2281 1134 2351 1180 γάρ

129 1193 272 1243 γραφη,
307 1205 357 1230 sc.
387 1197 451 1230 σ’έο
477 1204 544 1242 pro
572 1200 666 1240 σοῖο,
694 1193 865 1239 διελέγχει
892 1193 986 1235 κτλ.;
1028 1192 1145 1229 simm.
1176 1195 1208 1228 K
1228 1191 1345 1241 2521)
1373 1195 1412 1227 Π
1428 1193 1515 1236 207,
1536 1193 1622 1229 248.

257 1254 422 1303 Reliquis
450 1254 590 1292 duobus
620 1253 825 1291 Herodiani
852 1252 998 1290 scholiis
1026 1265 1094 1302 pro
1123 1252 1365 1299 οἷναγνώσεοκ
1398 1265 1485 1291 voce
1515 1251 1639 1302 γραφη
1664 1254 1879 1291 vocabulum
1907 1255 2100 1293 adhibetur
2129 1269 2209 1293 cum
2231 1258 2348 1305 primo

129 1317 210 1354 loco
230 1316 440 1366 disputetur
459 1316 504 1353 de
525 1315 662 1353 vocalis
683 1314 969 1362 pronuntiatione,
989 1315 1106 1352 altero
1125 1315 1206 1352 loco
1227 1315 1272 1352 (16
1293 1313 1323 1351 Kc
1343 1315 1457 1352 littera
1476 1315 1572 1352 recte
1592 1315 1818 1352 adnectenda.
1868 1314 2003 1354 Herod.
2028 1318 2149 1354 13662
2174 1318 2348 1368 κατέκτα]

128 1379 322 1416 disseritur
346 1380 391 1416 de
411 1379 541 1415 ultima
560 1379 660 1415 vocis
681 1377 826 1425 syllaba
851 1381 914 1413 aut
935 1378 1170 1426 corripienda
1197 1381 1259 1414 aut
1282 1379 1540 1425 producenda;
1576 1380 1696 1426 pergit
1721 1379 1853 1415 deinde
1880 1381 1936 1415 vir
1957 1381 2207 1416 doctissimus:
2246 1378 2348 1426 οἶμαι

129 1439 170 1477 δὲ
190 1437 408 1477 οῗκόλουθον
431 1436 527 1477 εἶναι
553 1439 669 1492 ἐκείνῃ
696 1439 741 1492 τῇ
759 1437 884 1491 γραφῇ
910 1438 954 1492 τῇ
972 1437 1196 1490 κομιζομένῃ
1227 1436 1289 1475 ὑπ’
1315 1436 1562 1487 Ἀριστάρχου
1590 1437 1663 1485 „dig
1687 1440 1773 1487 ἔμεν
1792 1439 1837 1482 ὠς
1865 1438 1924 1476 ὄιε
1951 1439 2033 1476 δῖον
2061 1439 2348 1487 Ἐρευθαλίωνα

127 1505 298 1538 κατέκτα.
351 1500 589 1537 Aristarchus
631 1501 728 1537 enim
767 1501 998 1548 corripuerat
1036 1502 1195 1535 κατέκτα
1230 1499 1321 1534 illud
1355 1510 1481 1535 versus
1518 1501 1663 1537 B662:
1707 1501 1941 1548 quamobrem
1976 1500 2208 1536 Herodianus
2245 1501 2347 1536 huin<

127 1574 255 1600 versus
287 1562 626 1612 pronuntiationem
659 1564 945 1600 consentaneam
982 1573 1061 1599 esse
1096 1560 1389 1609 pronuntiationi
1423 1560 1585 1598 eiusdem
1619 1562 1716 1599 vocis
1756 1563 1791 1598 in
1818 1574 1925 1599 versu
1959 1565 1992 1599 A
2011 1562 2105 1600 319.
2147 1574 2255 1611 quem
2285 1563 2348 1600 (16-

128 1625 296 1673 scripsit,
330 1623 530 1660 contendit.
594 1623 877 1671 Supervacanea.
908 1623 1021 1660 verba
1048 1625 1133 1658 sunt
1161 1622 1205 1658 de
1234 1629 1271 1659 A
1295 1622 1369 1658 754
1397 1621 1546 1669 Κράτης
1573 1623 1611 1657 δὲ
1639 1626 1823 1670 προκρίνει
1857 1622 1924 1670 τῆν
1950 1623 2015 1658 διὰ
2045 1624 2110 1659 τοῦ
2130 1621 2162 1660 α-
2189 1623 2348 1672 γραφξν,

125 1698 177 1723 56.
205 1684 401 1731 οἷσπίδεος,
444 1683 656 1732 Ζηνόδοτος
691 1684 732 1721 δὲ
767 1683 857 1731 „deci
885 1682 1073 1727 σπιδέος“.
1104 1704 1151 1708 -
1184 1682 1410 1720 Recentioris
1454 1682 1534 1719 aevi
1576 1684 1804 1729 grammatici
1846 1683 2097 1721 Herodianum
2133 1689 2347 1733 sequuntur.

129 1750 169 1785 ut
195 1747 269 1796 ipsi
296 1758 440 1796 quoque
470 1746 515 1783 de
542 1745 651 1783 rebus
680 1744 972 1793 orthographicis
999 1744 1179 1782 vocabulo
1207 1747 1375 1789 utantur,
1411 1756 1443 1780 6.
1466 1756 1499 1791 g.
1528 1748 1566 1781 A
1586 1743 1659 1780 566
1687 1753 1867 1793 μαρτυρεῖ
1899 1744 1940 1781 τὸ
1970 1746 2051 1781 ἔασι
2080 1746 2122 1797 τῇ
2152 1745 2347 1794 διφθόγγῳ

125 1807 271 1861 γραφῇ,
307 1820 462 1856 quocum
489 1808 658 1844 conferas
685 1807 796 1843 velim
822 1806 859 1844 Ξ
878 1807 965 1842 241.

251 1868 402 1907 Necnon
435 1869 573 1907 verbum
602 1867 820 1919 γράφειν
851 1870 1051 1917 usurpatur
1083 1867 1126 1905 ad
1153 1868 1270 1905 varias
1299 1867 1469 1904 lectiones
1498 1866 1715 1911 indicandas,
1751 1867 1880 1918 quibus
1907 1868 2020 1906 verba
2058 1870 2154 1906 inter
2181 1881 2219 1907 se
2250 1881 2347 1906 com-

125 1935 337 1976 mutantur,
372 1932 588 1980 plerumque
621 1935 745 1968 tamen
779 1931 824 1967 ab
853 1930 1057 1967 Aristonico.
1113 1932 1233 1978 Atque
1261 1933 1302 1965 ut
1327 1930 1429 1965 vario
1464 1930 1572 1965 modo
1606 1921 1770 1965 sermoni
1799 1930 1972 1966 inseritur
2010 1932 2109 1979 apud
2138 1943 2220 1968 eum
2257 1943 2341 1968 vox.

127 1994 181 2031 ita
206 1993 318 2031 variis
354 1992 410 2031 his
437 1993 682 2031 locutionibus
719 1991 896 2030 facillime
932 1992 1116 2028 variorum
1152 1992 1259 2029 simul
1296 1993 1543 2038 agnoscuntur
1580 1990 1899 2037 grammaticorum
1936 1992 2125 2030 lectiones.
2186 1991 2346 2036 Quarum

127 2055 370 2102 locutionum,
404 2067 477 2105 qua
509 2067 656 2105 semper
687 2054 765 2092 fere
794 2053 972 2091 Zenodoti
1005 2065 1137 2091 nomen
1165 2054 1390 2098 continetur,
1427 2052 1650 2090 creberrima
1678 2054 1733 2088 est
1760 2052 1840 2089 illa:
1877 2052 1932 2089 ὅτι
1960 2052 2175 2101 Ζηνόδοτος
2201 2053 2346 2102 γράφει,

127 2130 157 2155 e.
182 2130 216 2165 g.
244 2123 283 2156 A
303 2117 353 2154 24
377 2116 546 2169 ’Λτρείδῃ
571 2114 838 2166 Ἀγαμέμνονι]
874 2114 930 2151 ὅτι
959 2113 1172 2164 Ζηνόδοτος
1198 2114 1329 2163 γράφει
1363 2113 1615 2162 ,,Ἀτρείόεω“,
1655 2125 1705 2150 sc.
1733 2114 2022 2162 Ἀγαμέμνονος.
2076 2114 2201 2151 Α1111111
2235 2116 2347 2163 igitur

126 2179 194 2217 hoc
231 2180 311 2217 loco
346 2190 471 2216 casum
503 2180 566 2216 aut
592 2177 771 2215 Zenodoti
804 2177 995 2227 exemplar
1027 2176 1208 2221 exhibuit,
1243 2179 1306 2213 aut
1338 2176 1416 2225 ipse
1452 2176 1601 2224 scripsit
1634 2175 1779 2212 demum
1812 2176 2085 2222 grammaticus.
2145 2176 2239 2214 Nam
2273 2178 2345 2214 iam

127 2242 191 2279 alii
219 2241 378 2279 discerni
415 2251 524 2289 posse
558 2242 802 2286 negaverunt,
836 2242 959 2276 utrum
985 2238 1167 2275 locutione
1196 2238 1262 2275 illa
1295 2238 1340 2275 ab
1380 2238 1589 2274 Aristonico
1627 2237 1847 2274 afferrentur
1886 2238 2000 2285 ipsius
2039 2238 2219 2275 Zenodoti
2256 2250 2342 2276 con-

127 2304 310 2349 iecturae,
347 2314 395 2339 an
430 2301 631 2339 editionum
667 2301 766 2338 illius
801 2301 978 2338 lectiones
1013 2300 1150 2337 variae.
1214 2299 1347 2346 Agitur
1385 2303 1507 2336 autem
1542 2298 1688 2335 scholiis
1724 2299 1797 2335 illis
1825 2300 1933 2335 modo
1963 2300 2008 2336 de
2037 2300 2206 2345 vocibus,
2235 2302 2343 2338 modo

126 2365 172 2403 de
206 2364 370 2409 casibuS,
410 2363 519 2401 modo
553 2362 599 2401 de
632 2362 788 2410 singulis
829 2362 963 2399 litteris
1004 2364 1067 2399 aut
1099 2361 1358 2398 vocabulorum
1400 2360 1545 2397 formis.
1594 2372 1625 2396 e.
1649 2373 1683 2407 g.
1713 2364 1750 2396 A
1774 2360 1845 2397 198
1883 2359 2011 2410 ὁρᾶτο]
2048 2361 2103 2398 ὅτι,
2138 2366 2182 2399 Ζ.
2211 2361 2342 2409 γράψει,

126 2424 300 2474 ,,ὁρῆτο“,
331 2425 440 2462 modo
475 2425 521 2461 de
554 2424 641 2460 totis
676 2424 843 2461 versibus
885 2423 1167 2467 commutandis,
1207 2433 1296 2470 quos
1332 2422 1424 2458 alios
1458 2422 1708 2469 praebuerunt
1741 2421 1919 2457 Zenodoti
1958 2422 2043 2458 libri
2079 2426 2113 2459 et
2149 2424 2343 2459 editiones.

107 2484 282 2532 Scholia,
311 2485 441 2536 quibus
468 2484 561 2522 hanc
588 2484 811 2522 locutionem
837 2484 1015 2534 scriptam
1041 2483 1209 2531 legimus,
1236 2482 1325 2520 haec
1352 2485 1450 2520 sunt:
1489 2485 1526 2517 A
1547 2482 1607 2528 24,
1627 2483 1689 2527 56,
1711 2483 1771 2520 60.
1801 2482 1862 2527 68,
1892 2483 1952 2528 69,
1984 2483 2043 2523 73,
2074 2484 2134 2529 80,
2165 2483 2225 2523 83,
2259 2485 2341 2522 100,

127 2549 213 2593 129,
244 2548 329 2594 159,
360 2548 445 2594 163,
475 2548 560 2593 198,
590 2548 677 2593 204,
706 2548 793 2593 251,
824 2548 911 2592 260,
939 2547 1027 2593 299,
1061 2547 1148 2592 336,
1182 2547 1269 2591 351,
1306 2545 1392 2591 393,
1427 2545 1514 2589 424,
1549 2545 1636 2589 567,
1671 2545 1757 2589 611,
1808 2549 1843 2581 Β
1866 2546 1925 2591 12,
1956 2547 2017 2590 55,
2047 2547 2107 2588 56,
2139 2548 2225 2591 111,
2258 2548 2341 2585 144.

127 2610 212 2656 161,
243 2610 329 2656 187,
359 2610 445 2656 196,
473 2609 561 2655 226,
585 2608 677 2655 239,
705 2609 793 2655 297,
821 2608 909 2654 299,
938 2608 1025 2654 314,
1052 2607 1141 2654 435,
1169 2608 1257 2653 484,
1286 2607 1373 2653 502,
1401 2606 1489 2652 507,
1518 2607 1605 2651 520,
1642 2606 1729 2651 532,
1764 2607 1851 2652 570,
1886 2608 1973 2651 616,
2009 2608 2096 2653 626,
2131 2609 2218 2653 634,
2255 2609 2341 2647 658,

126 2673 214 2718 667,
243 2672 330 2718 690,
358 2673 446 2718 694,
475 2672 563 2717 697,
592 2671 678 2716 718,
708 2671 796 2716 727,
827 2671 913 2716 741,
942 2670 1026 2716 852,
1078 2670 1192 2715 Γ28,
1221 2670 1282 2715 56,
1313 2670 1372 2714 71,
1403 2670 1462 2713 74,
1492 2668 1553 2713 92,
1583 2670 1644 2713 99,
1675 2669 1760 2713 152,
1792 2670 1876 2714 155,
1906 2671 1992 2715 206,
2022 2670 2109 2715 211,
2138 2671 2225 2716 244,
2256 2671 2341 2709 273,

126 2734 214 2781 280,
242 2735 330 2781 364,
382 2735 416 2770 Δ
444 2734 505 2780 88,
536 2733 620 2779 139,
649 2733 735 2779 282,
764 2733 852 2779 478,
906 2731 946 2768 Ε
967 2732 1028 2778 31,
1056 2732 1118 2778 53,
1150 2732 1235 2778 128,
1266 2731 1351 2778 146,
1381 2731 1466 2777 156,
1499 2731 1583 2776 162,
1612 2730 1699 2777 263,
1729 2731 1816 2777 323,
1845 2732 1932 2778 329,
1961 2732 2048 2777 638,
2078 2732 2165 2778 898,
2219 2735 2250 2768 Z
2280 2732 2339 2768 34.

252 2835 277 2876 ²)
306 2836 355 2868 Ex
375 2835 459 2868 vocis
479 2835 604 2867 notione
633 2834 698 2866 sine
719 2834 810 2866 dubio
832 2833 967 2865 efficitur
987 2833 1156 2865 Herodiani
1181 2842 1249 2865 esse
1271 2832 1407 2864 scholion
1432 2835 1541 2864 contra
1562 2832 1751 2864 sententiam
1771 2833 1897 2864 Lentzii
1919 2837 1952 2865 ct
1972 2833 2109 2871 Lehrsii,
2137 2833 2189 2871 qui
2210 2833 2339 2872 primum

129 2886 275 2927 ascripsit
294 2886 478 2925 Herodiano,
499 2886 609 2918 deinde
630 2885 832 2924 abiudicavit3
859 2885 899 2917 cf.
920 2886 958 2917 de
979 2885 1037 2916 hae
1057 2893 1091 2916 re
1111 2884 1325 2916 Ludwichium
1339 2884 1364 2921 1,
1381 2885 1451 2915 315.
2042 2927 2092 2963 ᾖ*
