2559 3053
1235 143 1283 179 13

145 260 311 310 τοιοῦτο,
347 261 372 300 i.
397 273 431 300 e.
458 262 550 301 talia
585 263 617 302 in
644 263 780 302 Homeri
809 264 1060 303 consuettuline
1086 269 1187 312 sunt3
1235 267 1353 305 simm.
1382 269 1519 306 2:182.
1574 268 1705 308 Π466
1747 268 1849 305 δοκεῖ
1879 267 1944 305 δια
1971 268 2113 307 τούτων
2145 271 2365 316 συγχεῖσθαι

147 321 168 367 ἡ
193 321 366 371 διαφορά
399 325 469 361 τοῦ
495 325 626 372 βαλεῖν
657 330 721 361 καὶ
747 324 908 364 οὐτάσαι
939 354 1021 363 .....
1050 333 1113 364 καὶ
1139 327 1284 375 μήποτε
1313 328 1439 376 γραφή
1463 343 1518 372 τις
1542 333 1713 379 ἐφέρετο,
1746 330 1795 366 δι’
1820 327 1863 379 ἧς
1893 329 1937 367 τὸ
1961 331 2024 377 τῆς
2051 330 2178 372 λέξεως
2206 328 2367 377 σύνηθες

145 380 357 431 ἐφύλασσεν
383 382 562 435 Ὄμηρος.
615 386 825 426 Addubitat
850 386 1031 436 Didymus
1062 388 1228 427 codicum
1254 389 1382 436 fidem,
1411 401 1492 428 cum
1519 390 1650 438 ἔβαλεν
1674 392 1741 429 τοῦ
1768 390 1931 429 οὔτασεν
1959 390 2039 428 1000
2067 389 2245 439 postulet,
2281 401 2366 427 nam

145 441 318 487 fallacem
346 449 426 486 voci
454 448 568 486 tribui
594 449 788 494 notionem,
823 450 959 487 iustam
986 454 1109 488 autem
1136 454 1174 488 et
1200 452 1360 489 usitatam
1389 453 1512 500 respui
1541 455 1649 500 atque
1676 464 1755 489 cum
1784 452 1851 488 τοῦ
1875 453 2006 499 βαλεῖν
2035 463 2144 488 sensu
2173 452 2364 493 confundi;

145 505 265 544 simm.
292 512 327 546 Ω
348 510 436 547 304.
480 509 692 548 Promiscue
720 510 766 547 ab
786 511 916 548 eodem
943 515 1169 560 usurpantur
1195 514 1285 557 ἔθος
1313 516 1350 550 et
1376 516 1551 549 εἰωθέναι
1580 513 1768 557 vocabula,
1798 513 1928 561 quibus
1960 512 2069 549 simul
2097 512 2235 560 optime
2264 512 2367 548 illus-

147 569 270 607 tratur
295 569 359 609 ille
388 569 457 609 τοῦ
481 569 643 621 σύνηθες
670 571 843 609 adiectivi
869 584 1015 610 sensus:
1055 576 1089 610 K
1107 573 1183 610 408
1209 574 1290 618 πῶς
1317 571 1395 624 δαὶ]
1425 602 1506 611 .....
1536 572 1614 612 ὁδε
1636 573 1690 612 ²A.
1707 576 1900 622 παρέλαβε
1918 602 2001 610 .....
2022 572 2193 620 ἔλλειψιν
2218 571 2368 619 ἄρθρου

145 634 209 667 καὶ
237 631 306 669 τοῦ
332 633 399 674 δαὶ
428 630 608 673 σύνταξιν
632 631 728 680 uero?
751 633 795 672 τὸ
820 632 966 682 πύσμα.
1021 633 1137 678 οὕτως
1162 633 1232 684 γᾰρ
1258 635 1361 685 αὐτῷ
1385 637 1495 684 ἔθος
1536 647 1690 684 quocum
1718 636 1885 673 conferas
1915 636 2025 673 velim
2053 640 2087 673 K
2105 635 2181 671 349
2208 631 2368 680 σύνηθες

146 689 217 740 γοὶρ
243 691 349 743 αὐτῷ
372 691 417 735 τὸ
443 693 604 732 τοιοῦτο.
666 699 700 733 Ω
724 696 800 733 304
832 696 937 734 iuxta
963 700 1149 746 ponuntur
1176 695 1337 747 σύνηθες
1364 701 1400 735 et
1427 700 1601 735 εἰωθέναι
1612 709 1622 732 .·
1663 696 1871 744 α’θετεῖται,
1918 695 1973 734 ὅτι
2000 694 2111 744 παρα
2138 693 2182 732 τὸ
2208 691 2368 741 σι’·νηθες

149 750 190 800 (i.
206 764 238 790 e.
266 756 417 802 praeter
444 755 760 806 consuetudinem)
787 756 891 806 αὐτῷ
915 761 997 808 χέρ
1013 762 1163 807 νιβον
1195 758 1238 797 τό
1264 758 1410 806 οἷγγεῖον
1436 757 1478 794 τὸ
1506 757 1782 804 ὑποδεχόμενον
1811 757 1852 794 τὸ
1880 758 1995 805 ὕδωρ,
2031 756 2079 799 ὥς
2105 755 2229 803 ἡμεῖς·
2258 752 2368 789 τοῦτο

146 815 188 852 δὲ
207 812 321 858 ati-cde
337 817 449 854 εἴωθε
467 816 597 854 καλεῖν
613 820 814 866 λέβητα.
868 819 995 868 Itaque
1024 818 1247 868 σύνηθες
1276 820 1553 858 adiectivum
1580 818 1680 867 apud
1699 818 1894 867 Didymum
1923 832 1989 856 usu
2018 818 2132 864 venit,
2161 820 2202 854 ut
2228 814 2369 852 indicet

145 878 280 925 poetae
307 875 442 916 dicendi
469 878 637 917 rationem
664 892 731 918 usu
759 881 1012 919 exercitatam.
1068 879 1132 920 To*
1160 879 1380 932 σύνηθες
1407 880 1740 919 substantivum
1769 884 1888 918 autem
1917 881 2015 930 apud
2045 879 2265 917 Nicanorem
2294 887 2367 912 non

146 938 288 976 recedit
315 950 338 976 a
365 942 569 988 συνηθείας
595 941 816 979 substantivi
844 954 912 979 usu
939 955 982 980 ac
1009 944 1057 989 vi,
1085 946 1125 979 ut
1152 943 1272 992 ipsum
1300 954 1442 992 quoque
1470 942 1652 989 significet
1677 942 1806 979 textum
1835 943 1923 979 illum
1951 943 2135 988 vulgarem.

268 998 416 1045 Restat,
449 1003 491 1037 ut
523 1002 747 1040 mentionem
779 1003 956 1041 faciamus
992 1004 1123 1041 scholii
1161 1004 1259 1041 illius
1295 1003 1497 1041 Herodiani
1533 1007 1571 1039 A
1601 1002 1673 1039 168
1708 1002 1762 1039 Ἄ.
1790 1001 1920 1050 γράφει
1954 1004 2032 1040 ἐπεί
2063 1016 2101 1037 κε
2134 1001 2242 1047 κάμω
2274 1026 2363 1035 .....

147 1059 263 1104 οὕτως
298 1059 512 1111 ἧσυνήθης
544 1061 765 1110 οἷνοὶγνωσις.
836 1064 909 1102 Sed
937 1065 1108 1114 quoniam
1143 1063 1355 1114 ἦσυνήθης
1382 1062 1591 1109 ἀνάγνωσις
1628 1075 1741 1111 genus
1778 1066 1834 1100 est
1865 1064 1927 1111 τῆς
1955 1061 2216 1106 ἀναγνώσεως,
2249 1060 2367 1106 magis

145 1121 185 1158 in
211 1133 291 1159 rem
317 1134 398 1161 esse
425 1124 571 1161 videtur
597 1125 756 1173 primum
782 1126 820 1163 in
847 1126 1058 1164 universum
1086 1126 1132 1164 de
1161 1124 1405 1172 ἀναγνώσεως
1436 1137 1523 1162 voce
1553 1125 1753 1171 disserere,
1784 1125 1917 1162 deinde
1946 1123 2092 1171 singula
2121 1124 2197 1160 eius
2227 1134 2367 1169 genera

147 1195 362 1223 enumerare
389 1187 498 1235 atque
527 1186 726 1236 explicare.

1205 1300 1302 1339 111.

270 1399 435 1448 Cognitis
456 1401 659 1438 editionum
678 1405 715 1440 et
736 1402 914 1440 librorum
934 1404 1254 1451 grammaticorum
1273 1404 1479 1440 nominibus
1500 1407 1536 1440 et
1550 1404 1787 1452 pertractatis
1808 1404 1851 1439 iis
1872 1402 2071 1443 vocabulis,
2093 1401 2223 1449 quibus
2245 1404 2367 1436 textus

145 1461 320 1499 homerici
339 1474 477 1510 genera
490 1463 596 1500 varia
611 1464 876 1511 significantur,
899 1465 1096 1502 transimus
1119 1477 1215 1502 nunc
1232 1465 1279 1501 ad
1295 1477 1356 1502 eas
1371 1477 1479 1501 voees
1496 1466 1753 1513 explicandas,
1770 1464 1899 1513 quibus
1917 1465 2017 1511 ipsae
2039 1463 2163 1499 variae
2188 1462 2367 1498 lectiones

146 1523 380 1561 denotantur.
435 1523 596 1568 Quarum
622 1526 740 1574 primo
769 1526 849 1564 loco
878 1527 1105 1576 disputanda
1135 1530 1191 1564 est
1220 1525 1487 1572 ἀνάγνωσις.
1542 1526 1739 1576 Dionysius
1759 1525 1881 1563 Thrax
1904 1525 2002 1574 apud
2030 1524 2129 1561 Imm.
2153 1522 2367 1561 Bekkerum

146 1584 314 1622 anecdot.
339 1597 461 1633 graec.
483 1585 527 1631 II,
547 1587 622 1623 269
651 1587 741 1624 dicit
758 1588 916 1636 primam
945 1589 1034 1626 artis
1056 1588 1316 1636 grammaticae
1336 1592 1481 1637 partem
1502 1600 1581 1625 esse
1610 1588 1824 1634 ἀνάγνωσιν
1844 1584 1989 1633 ἐντριβῆ
2014 1585 2112 1622 κατα
2131 1584 2368 1632 προσῳδίαν,

148 1646 186 1681 id
215 1646 313 1695 quod
339 1646 465 1695 paullo
497 1650 583 1696 post
609 1648 662 1684 Sic
690 1648 871 1696 explieat:
916 1648 1129 1694 οἷνάγνωσίς
1157 1650 1233 1684 ἐστι
1266 1648 1490 1695 ποιημάτων
1522 1648 1542 1696 ἢ
1568 1647 1864 1694 συγγραμμάτων
1899 1645 2139 1687 ἄδιάπτωτος
2175 1642 2366 1690 προᾳορά.

145 1706 427 1753 Ἀναγνωστέον
454 1707 495 1745 δὲ
520 1707 614 1745 καθ’
639 1707 853 1758 ὑπόκρισιν,
885 1707 984 1747 κατά
1018 1709 1261 1760 προσῳδίαν,
1296 1706 1394 1745 nato?
1428 1708 1635 1758 διαστολήν
1670 1708 1763 1745 κτλ..
1825 1707 1855 1745 Ε
1883 1707 2050 1756 Dionysii
2084 1706 2367 1745 scholiastarum

147 1766 297 1816 ineptiis
332 1767 489 1817 copiosis
523 1778 596 1805 non
628 1768 682 1806 ita
717 1770 870 1807 multum
903 1770 996 1807 lucri
1023 1769 1146 1807 facere
1174 1782 1388 1820 possumus,
1421 1770 1493 1806 nisi
1527 1769 1870 1818 interpretationem
1906 1769 2006 1805 illam
2040 1766 2103 1815 τῆς
2132 1767 2366 1813 ιῗποκρίσεως.

145 1828 329 1876 Scriptum
362 1829 459 1865 enim
492 1829 647 1876 legimus
681 1831 820 1869 ibidem
846 1832 890 1878 II,
917 1833 1003 1877 743,
1023 1845 1080 1872 32:
1126 1831 1220 1868 καθ’
1245 1831 1443 1877 ὑπόκρισιν
1469 1829 1564 1878 (Ξ)
1593 1830 1691 1867 xasa*
1716 1834 1870 1877 μίμησιν
1899 1834 1935 1868 et
1962 1843 1999 1878 p.
2021 1831 2137 1874 744,1
2179 1825 2369 1872 aindxgnm‘g

143 1889 246 1927 ἔστιν
279 1887 496 1939 ἁρμόζουσα
531 1897 609 1934 τοῖς
641 1889 897 1941 ὑποκειμένοις
935 1890 1154 1940 προσώποις
1185 1892 1225 1929 ἔν
1259 1907 1296 1930 τε
1321 1889 1416 1942 λόγῳ
1448 1897 1510 1927 και
1543 1890 1717 1940 σχήματι.
1754 1890 1911 1929 2Nostra
1947 1894 2069 1928 autem
2107 1893 2229 1927 aetate
2264 1887 2367 1923 huius

144 1953 243 1989 vocis
277 1953 415 1990 mentio
450 1953 490 1989 fit
517 1954 615 2001 apud
651 1953 706 1990 La
731 1953 921 1991 Rochium:
966 1954 1176 2004 bnmerifcbe
1204 1952 1379 2001 Zegffritif
1411 1966 1447 2002 p.
1470 1954 1516 1990 87
1546 1966 1668 2001 seqq.,
1706 1954 1766 2001 qui
1802 1952 1869 2001 τήν
1895 1952 2023 2001 κοινὴν
2054 1950 2272 1996 α’νάγνωσιν
2306 1954 2369 1986 aut

145 2010 214 2055 ’τοὶς
237 2011 367 2056 κοινοῖς
391 2011 551 2056 ἐκδόσεις
583 2026 663 2052 esse
692 2015 881 2052 contendit
907 2016 1095 2064 vulgatam
1124 2014 1491 2052 antearistarcheam.
1557 2013 1694 2051 Tamen
1722 2015 1800 2063 ipse
1829 2014 1903 2050 iam
1930 2014 2071 2049 monuit
2109 2013 2250 2060 (adnot.
2278 2009 2366 2057 105⁷»)

144 2072 389 2112 Nitzschium:
432 2073 687 2124 anmerfungen
714 2087 775 2124 gut
801 2076 949 2126 Dbtjffee
977 2076 1144 2123 111‚337,
1178 2075 1249 2125 τήν
1275 2074 1404 2125 κοινήν
1440 2075 1655 2113 Aristarcho
1684 2077 1861 2113 minorem
1895 2087 1974 2112 esse
2006 2086 2171 2112 censere.
2224 2073 2281 2110 Ex
2311 2086 2367 2110 re-

143 2134 254 2183 liquis
283 2137 406 2172 autem
439 2134 492 2172 La
512 2135 640 2173 Rochii
674 2137 797 2174 verbis
826 2137 945 2175 elucet
978 2136 1022 2190 τῇ
1048 2137 1153 2189 κοινῇ
1186 2136 1395 2182 α’ναγνιόσει
1429 2137 1565 2173 malum
1600 2137 1781 2184 (φαῦλον)
1818 2137 1998 2172 contineri
2032 2139 2196 2172 textum.
2239 2139 2367 2171 contra

143 2195 189 2246 τῇ
215 2198 434 2248 τετριμμένῃ
461 2199 499 2234 et
525 2193 570 2249 τῇ
588 2196 744 2246 συνήθει
773 2202 810 2236 et
837 2196 881 2252 τῇ
906 2202 1173 2251 κατειθισμένῃ
1200 2210 1272 2235 non
1300 2198 1447 2245 malum,
1476 2199 1541 2236 sed
1569 2198 1756 2245 vulgarem
1784 2201 1940 2235 tantum.
1993 2196 2135 2235 Eadem
2162 2196 2240 2234 fere
2270 2196 2368 2245 apud

144 2255 434 2306 Wackernagel:
476 2257 569 2296 Mus.
589 2258 702 2298 Rhen.
733 2260 832 2297 1876
860 2272 897 2309 p.
923 2260 1016 2297 433:
1046 2258 1222 2309 &erebum
1249 2265 1352 2298 neunt
1378 2258 1430 2298 bie
1456 2259 1610 2308 §Bulgoto
1637 2259 1850 2308 παράδοσις
1884 2258 1952 2296 unb
1987 2263 2257 2307 κατειθισμένη
2291 2257 2369 2294 obcr

144 2316 312 2367 συνήθης
349 2317 572 2365 α’νοὶγνωσις.
640 2321 807 2372 Denique
842 2322 1068 2360 Leidenroth
1100 2322 1125 2359 1.
1145 2334 1176 2359 c.
1204 2334 1232 2359 s.
1253 2334 1286 2358 v.
1317 2320 1532 2367 cc'va'vao‘w
1575 2322 1757 2368 intellegit
1790 2325 1827 2358 et
1861 2333 1990 2358 vocum
2025 2325 2061 2358 et
2095 2321 2366 2358 enuntiatorum

145 2381 496 2429 pronuntiationem.
564 2382 746 2421 Interesse
775 2384 1005 2433 aliquantum
1031 2384 1129 2420 inter
1157 2384 1317 2420 virorum
1346 2384 1534 2420 doctorum
1562 2383 1888 2431 interpretationes
1917 2383 1997 2431 quis
2027 2386 2104 2427 est,
2143 2383 2230 2430 quin
2259 2382 2367 2418 iutel-

143 2440 271 2489 legat?
333 2441 532 2491 Dionysius
565 2445 909 2493 pronuntiationem
947 2445 1132 2494 quandam
1168 2445 1246 2481 sive
1288 2444 1514 2492 singulorum
1554 2443 1815 2480 vocabulorum
1851 2442 1966 2488 (κατᾰ
1994 2443 2255 2491 προσῳδίαν),
2291 2444 2366 2480 sive

145 2503 419 2541 enuntiatorum
446 2503 555 2550 (καθ’
582 2503 778 2555 ὑπόκρισιν
806 2510 843 2544 et
874 2504 974 2543 κατά
1002 2504 1224 2556 διαστολήν)
1237 2504 1267 2553 ¹)
1308 2503 1522 2551 ἀνάγνωσιν
1554 2505 1705 2548 evolvit;
1760 2504 1814 2542 La
1834 2504 1992 2542 Rochius
2026 2509 2062 2543 et
2095 2504 2367 2551 Wackernagel

144 2564 212 2603 hac
241 2565 341 2603 vocis
371 2566 521 2604 notione
550 2567 721 2615 neglecta
748 2567 938 2606 Homerici
972 2571 1096 2606 textus
1124 2568 1284 2617 speciem
1311 2566 1611 2614 subintellegunt.
1668 2565 1805 2603 Nostra
1833 2566 1972 2604 scholia
2000 2568 2188 2616 utriusque
2218 2567 2365 2614 generis

147 2627 318 2678 exempla
345 2627 542 2678 praebent,
570 2631 611 2667 ut
629 2629 765 2668 iniuria
790 2628 1074 2669 Leidenrothius
1101 2629 1126 2667 l.
1143 2641 1173 2667 c.
1200 2629 1383 2667 adieetiva
1409 2629 1490 2666 voci
1509 2628 1682 2678 apposita
1708 2629 2003 2678 praetermisisse
2031 2628 2119 2666 mihi
2148 2628 2326 2667 videatur.
2338 2626 2367 2678 ²)

270 2720 293 2760 ¹)
320 2719 461 2761 Dionysii
481 2729 553 2752 vero
579 2721 780 2752 scholiastam
801 2721 828 2753 si
849 2721 1022 2761 sequimur,
1050 2721 1147 2752 etiam
1170 2720 1187 2758 ἧ
1208 2722 1283 2751 >mni
1310 2721 1470 2756 διαστολὴν
1492 2720 1665 2760 ἀνάγνωσις
1693 2721 1730 2751 de
1753 2721 1888 2761 singulis
1909 2722 2035 2752 vocibus
2064 2730 2229 2759 earumque
2252 2722 2366 2752 litteris

148 2774 233 2803 recte
255 2772 338 2804 inter
359 2782 391 2804 se
413 2773 636 2813 coniungendis
658 2783 694 2804 ac
715 2773 894 2805 dirimendis
915 2777 979 2812 est3
1006 2773 1046 2805 cf.
1067 2773 1202 2804 Bekkeri
1223 2773 1362 2804 anecdot.
1384 2783 1412 2812 p.
1431 2773 1500 2810 745,
1516 2793 1544 2809 ι.
1568 2783 1665 2812 seqq..

271 2821 295 2864 ²)
322 2823 391 2855 Non
411 2823 593 2864 negaverim
615 2824 654 2856 ad
675 2823 863 2864 ipsissimum
890 2823 957 2856 eius
979 2823 1138 2856 consilium
1160 2833 1220 2856 non
1241 2824 1457 2856 vocabulorum
1479 2824 1723 2865 significationes
1745 2825 1916 2865 pertinere,
1947 2825 1999 2855 sed
2021 2824 2156 2864 ipsorum
2185 2825 2365 2855 scholiorum

143 2874 313 2915 originem5
334 2875 414 2906 unde
435 2874 526 2907 fluxit
547 2875 613 2907 sine
633 2876 725 2907 dubio
746 2875 813 2907 eius
833 2875 925 2908 ratio.
